1700 2729
210 227 252 261 32
507 217 562 251 M.
597 217 635 251 Τ.
666 216 958 252 CICERONIS
982 216 1247 251 ACTJONJS
1412 217 1480 258 [29.
1495 216 1540 252 76

208 322 259 362 ob
279 324 465 361 causam?
522 321 610 370 Quo
630 320 840 373 exemplo2
897 320 979 361 Cur
1000 327 1081 359 tam
1100 320 1194 360 diu?
1250 320 1342 369 Cur,
1364 321 1538 373 inquam,

209 393 361 432 civibus
381 393 581 440 Romanis,
614 406 712 444 quos
739 393 890 444 piratae
921 398 1116 444 ceperant,
1149 392 1275 431 securi
1301 392 1438 431 statim
1457 405 1543 445 per-

210 465 342 512 cussis,
378 464 473 516 ipsis
502 464 641 516 piratis
674 463 773 502 lucis
802 476 964 502 usuram
993 470 1076 502 tam
1104 463 1338 502 diuturnam
1365 463 1543 504 dedisti?

153 540 191 578 76
210 536 361 576 Verum
382 541 467 575 esto
476 551 486 585 ,-
515 536 567 574 sit
583 535 657 574 tibi
672 534 772 573 illud
788 535 957 574 liberum
978 548 1093 574 omne
1113 541 1282 586 tempus,
1301 535 1433 586 quoad
1453 548 1542 574 cum

209 608 376 660 imperio
410 607 545 646 fuisti:
590 607 761 645 etiamne
795 607 987 658 privatus,
1025 607 1197 646 etiamne
1228 620 1329 654 reus,
1370 606 1543 646 etiamne

210 691 335 730 paene
355 677 567 716 damnatus
590 677 766 716 hostium
790 676 910 716 duces
933 677 1090 729 privata
1109 677 1151 715 in
1170 676 1289 716 domo
1312 677 1543 716 retinuisti?

210 749 360 796 Unum,
383 748 554 787 alterum
582 760 770 795 mensem,
792 761 914 799 prope
944 761 1093 786 annum
1122 747 1294 798 denique
1322 747 1431 786 domi
1450 753 1543 787 tuae

210 821 373 873 piratae,
402 833 425 858 a
449 832 527 871 quo
551 824 731 871 tempore
763 819 868 871 capti
899 825 1003 867 sunt,
1038 818 1169 870 quoad
1197 832 1269 871 per
1296 832 1359 858 me
1389 818 1544 858 licitum

211 897 281 938 est,
300 891 484 939 fuerunt,
513 889 587 928 hoc
608 894 678 937 est,
698 889 829 940 quoad
849 903 920 941 per
934 889 1001 928 Μ’.
1020 889 1277 928 Glabrionem
1296 889 1451 928 licitum
1470 895 1542 938 est,

211 961 279 1013 qui
299 960 529 1013 postulante
549 973 611 999 me
632 959 798 1012 produci
817 966 938 1011 atque
959 960 1001 998 in
1021 973 1216 999 carcerem
1245 959 1361 999 condi
1379 960 1545 1013 impera-

141 1038 193 1077 30
211 1033 280 1072 vit.
341 1032 458 1082 Quod
478 1037 539 1072 est
557 1031 721 1071 huiusce
741 1031 799 1071 rei
817 1031 879 1070 ius
895 1034 909 1071 ’ἔ
965 1031 1074 1080 Quae
1098 1031 1373 1072 consuetudo?
1428 1031 1546 1081 Quod

212 1103 468 1156 exemplum?
563 1102 734 1142 Hostem
789 1102 1026 1141 acerrimum
1074 1108 1195 1154 atque
1242 1102 1545 1142 infestissimum

211 1175 348 1228 populi
386 1173 557 1213 Romani
595 1186 665 1213 seu
702 1173 835 1225 potius
874 1186 1123 1213 communem
1161 1173 1317 1213 hostem
1362 1174 1546 1228 gentium

212 1247 499 1297 nationumque
520 1245 698 1284 omnium
723 1245 934 1296 quisquam
963 1245 1141 1284 omnium
1169 1245 1399 1285 mortalium
1417 1245 1546 1297 priva-

156 1335 194 1362 77
212 1324 278 1357 tus
297 1318 404 1356 intra
432 1317 588 1356 moenia
611 1316 719 1355 domi
748 1330 842 1355 suae
872 1316 1044 1355 retinere
1078 1317 1256 1368 poterit'Z
1312 1316 1447 1366 Quid?
1502 1316 1546 1356 Si

213 1388 351 1441 pridie,
375 1401 494 1439 quam
513 1401 536 1426 a
557 1400 619 1426 me
643 1393 689 1425 tu
713 1393 871 1426 coactus
900 1401 940 1426 es
970 1387 1160 1435 confiteri,
1184 1387 1335 1426 civibus
1355 1387 1545 1427 Romanis

213 1459 339 1499 securi
369 1459 566 1511 percussis
596 1457 845 1510 praedonum
875 1457 1017 1497 ducem
1050 1458 1196 1505 vivere,
1230 1457 1411 1498 habitare
1439 1458 1546 1510 apud

213 1538 276 1571 te:
311 1531 354 1579 si,
390 1531 565 1581 inquam,
600 1529 730 1581 pridie
763 1529 882 1568 domo
916 1535 986 1568 tua
1019 1529 1272 1582 profugisset,
1309 1529 1342 1568 si
1371 1529 1546 1581 aliquam

213 1615 376 1641 manum
397 1607 533 1640 contra
553 1614 637 1639 rem
656 1600 856 1652 publicam
876 1600 1005 1639 fac-ere
1024 1600 1231 1652 potuisset,
1254 1599 1352 1651 quid
1371 1600 1547 1640 diceres?

218 1673 365 1725 ‘Apud
393 1686 456 1711 me
487 1671 696 1720 habitavit,
723 1685 878 1711 mecum
906 1671 985 1710 fuit
998 1687 1009 1721 3
1039 1684 1112 1724 ego
1140 1671 1255 1710 illum
1273 1671 1326 1710 ad
1354 1670 1546 1710 iudicium

214 1759 357 1793 meum,
399 1757 477 1796 quo
515 1743 669 1782 facilius
708 1743 856 1782 crimen
894 1743 1146 1782 inimicorum
1187 1742 1340 1782 diluere
1377 1756 1544 1795 possem,

214 1818 352 1856 vivum
380 1822 501 1867 atque
529 1815 768 1854 incolumem
787 1814 1013 1854 reservavi?
1069 1814 1183 1853 Itane
1212 1817 1336 1854 vero?
1391 1814 1454 1854 Tu
1475 1820 1547 1854 tua

214 1887 389 1941 pericula
420 1887 619 1926 communi
647 1886 823 1938 periculo
851 1885 1071 1925 defendes?
1126 1885 1189 1924 Tu
1217 1885 1418 1937 supplicia,
1445 1899 1546 1937 quae

215 1960 413 1999 debentur
445 1958 627 1997 hostibus
660 1957 787 2005 victis,
827 1956 879 1996 ad
912 1962 1038 2004 tuum,
1075 1969 1155 1994 non
1192 1955 1244 1994 ad
1275 1956 1334 1995 rei
1366 1956 1547 2008 publicae

215 2037 373 2083 tempus
403 2029 609 2069 conferes‘e
664 2027 809 2080 Populi
842 2027 1011 2067 Roma-ni
1042 2027 1167 2066 hostis
1197 2027 1346 2079 privati
1375 2027 1547 2067 hominis

217 2101 406 2141 custodiis
436 2099 742 2139 adservabitur‘l
798 2099 856 2137 At
889 2098 1011 2137 etiam
1041 2098 1109 2149 qui
1140 2098 1392 2149 triumphant
1422 2111 1547 2149 eoque

216 2173 368 2211 diutius
383 2172 496 2211 vivos
511 2170 687 2210 hostium
707 2169 826 2209 duces
841 2175 1057 2217 reservant,
1075 2176 1122 2207 ut
1136 2168 1198 2208 his
1212 2182 1284 2220 per
1298 2168 1548 2221 triumphum

216 2244 347 2283 ductis
393 2242 704 2295 pulcherrimum
751 2240 1020 2292 spectaculum
1066 2240 1320 2291 fructumque
1357 2239 1547 2279 victoriae

216 2314 387 2367 populus
416 2313 618 2352 Romanus
638 2312 840 2364 percipere
868 2312 1004 2364 possit,
1027 2317 1172 2360 tamen,
1195 2324 1285 2350 cum
1312 2310 1362 2350 de
1391 2310 1478 2350 foro
1505 2311 1548 2349 in

218 2385 462 2437 Capitolium
485 2397 622 2423 currus
648 2384 806 2422 flectere
830 2383 1037 2435 incipiunt,
1063 2382 1151 2421 illos
1181 2381 1273 2421 duci
1291 2382 1333 2420 in
1353 2394 1548 2421 carcerem

217 2457 367 2505 iubent,
400 2456 586 2507 idemque
614 2455 699 2495 dies
729 2461 769 2494 et
797 2455 1014 2494 victoribus
1043 2454 1200 2506 imperii
1229 2460 1270 2494 et
1297 2453 1412 2493 victis
1440 2453 1548 2492 vitae
