1674 2729
104 217 260 265 46.121]
286 219 354 254 IN
376 216 565 254 GAJUM
595 219 824 253 VERREM
847 219 1152 255 SECUNDAE
1179 221 1276 255 le’.
1307 221 1341 255 1‘.
1392 230 1437 264 49

105 323 350 376 cogebantur
380 330 588 375 parentes;
634 331 754 374 atque
787 323 859 375 ipsi
893 323 1012 361 etiam
1043 323 1317 363 adulescentes
1349 338 1437 363 cum

106 393 246 434 Sextio
265 407 337 434 suo
355 393 405 433 de
425 393 541 446 plaga
563 401 601 432 et
622 393 671 433 de
702 407 781 432 uno
811 393 878 432 illo
909 393 990 432 ictu
1020 394 1296 446 loquebantur,
1320 395 1437 446 idque

105 470 351 517 postremum
367 471 551 516 parentes
566 478 657 503 suos
674 464 785 503 liberi
807 464 985 512 orabant,
1003 471 1049 503 ut
1065 464 1222 504 levandi
1244 466 1439 504 cruciatus

106 535 168 574 sui
187 548 304 574 causa
322 535 452 574 lictori
473 535 638 587 pecunia
658 535 833 574 daretur.
893 535 1013 574 Multi
1045 542 1086 574 et
1113 549 1255 588 graves
1284 535 1440 574 dolores

105 605 260 646 inventi
279 606 512 659 parentibus
529 614 569 645 et
585 606 828 658 propinquis,
852 606 966 645 multi
984 623 990 646 :
1022 620 1161 646 verum
1182 613 1315 646 tamen
1335 621 1440 646 mors

106 677 161 716 sit
178 683 367 717 extrema.
418 676 510 716 Non
532 677 616 716 erit.
672 676 795 716 Estne
815 677 966 728 aliquid
987 677 1104 725 ultra,
1128 691 1206 729 quo
1227 677 1441 717 crudelitas

106 747 291 800 progredi
313 747 467 799 possitl
495 747 716 799 reperietur
734 763 740 794 ;
772 761 862 785 nam
883 746 1052 795 illorum,
1071 761 1159 786 cum
1181 754 1300 786 erunt
1316 748 1439 787 securi

106 818 280 871 percussi
300 832 344 857 ac
366 819 504 861 necati.
529 832 691 870 corpora
713 819 806 857 feris
827 818 1059 857 obicientur.
1120 818 1207 857 Hoc
1236 819 1269 857 si
1293 819 1441 857 luctuo-

108 902 197 929 sum
217 895 278 929 est
296 889 539 942 parentibus,
564 889 763 928 redimant
783 889 912 941 pretio
942 889 1157 940 sepeliendi
1187 895 1439 940 potestatem.

109 960 286 1001 Onasum
306 961 580 1013 Segestanum,
603 960 803 999 hominem
831 960 1015 1007 nobilem,
1047 960 1176 999 (licere
1205 960 1374 998 audistis
1403 974 1443 999 se

108 1032 160 1072 ob
196 1031 441 1084 sepultmam
490 1031 663 1071 Heraclii
713 1031 899 1069 nauarchi
949 1031 1155 1082 pecuniam
1202 1030 1443 1069 Timarchidi

109 1115 346 1142 numerasse.
425 1102 522 1149 Hoc,
564 1115 612 1140 ne
652 1102 776 1153 possis
815 1101 945 1140 dicere
987 1104 1127 1151 ‘patres
1165 1102 1262 1139 enim
1300 1103 1446 1139 veniunt

109 1175 254 1213 amissas
273 1173 370 1224 filiis·
391 1173 498 1221 irati',
530 1173 592 1211 vir
621 1172 842 1224 primarius,
876 1172 993 1210 homo
1023 1171 1302 1220 nobilissimus,
1334 1171 1443 1219 dicit,

110 1257 238 1296 neque
257 1244 307 1284 de
327 1244 409 1283 filio
428 1243 535 1282 dicit.
596 1243 679 1282 Iam
701 1243 772 1281 hoc
794 1243 882 1293 quis
904 1248 990 1281 tum
1011 1242 1089 1280 fuit
1110 1241 1319 1294 Syracusis
1349 1242 1446 1293 quin

109 1315 293 1364 audierit,
311 1315 408 1366 quin
424 1315 531 1363 sciat,
550 1314 619 1354 has
636 1313 877 1353 Timarchidi
894 1313 1096 1365 pactiones
1113 1313 1343 1365 sepulturae
1358 1326 1447 1352 cum

110 1386 213 1425 vivis
251 1386 372 1426 etiam
408 1385 486 1424 illis
515 1398 599 1424 esse
627 1385 780 1424 factas}
810 1398 889 1423 non
918 1383 1048 1435 palam
1079 1397 1168 1422 cum
1197 1383 1448 1422 Timarchide

110 1457 406 1509 loquebantur?
435 1470 515 1495 non
535 1469 672 1495 omnes
691 1456 870 1494 omnium
891 1454 1104 1506 propinqui
1124 1454 1420 1492 adhibebantur
1436 1456 1448 1493 ’.ἱ

113 1541 191 1567 non
204 1527 335 1580 palam
347 1528 530 1566 vivorum
544 1527 683 1565 funera
696 1526 953 1564 locabantur?
973 1525 1117 1575 quibus
1133 1524 1317 1563 omnibus
1331 1524 1447 1562 rebus

1465 975 1521 995 120

112 1599 211 1638 actis
230 1605 353 1650 atque
372 1597 513 1636 decisis
533 1596 809 1648 producuntur
829 1609 849 1634 e
870 1608 1034 1641 carcere,
1056 1594 1295 1647 deligantur.
1351 1593 1448 1642 Quis
1467 1597 1518 1634 46

114 1677 195 1709 tam
225 1669 303 1708 fuit
330 1669 399 1708 illo
428 1674 606 1720 tempore
635 1667 797 1714 ferreus,
820 1666 908 1717 quis
930 1671 1011 1704 tam
1031 1665 1271 1703 inhumanus
1292 1672 1450 1716 praeter

113 1753 238 1780 unum
258 1745 309 1788 te,
332 1739 399 1791 qui
420 1752 499 1778 non
519 1738 677 1777 illorum
698 1743 840 1785 aetate,
863 1736 1083 1783 nobilitate,
1106 1735 1263 1774 miseria
1283 1748 1449 1773 commo-

113 1817 275 1851 veretur
290 1813 304 1850 ?
349 1810 494 1861 Ecquis
506 1809 585 1848 fuit
599 1809 695 1860 quin
715 1808 939 1846 lacrimaret
954 1809 967 1846 ‘l
996 1807 1092 1857 quin
1112 1806 1169 1844 ita
1185 1805 1449 1844 calamitatem

113 1882 224 1922 illam
242 1887 404 1934 putaret
421 1880 591 1928 illorum,
614 1886 661 1918 ut
680 1880 882 1918 fortunam
903 1884 1036 1916 tamen
1057 1890 1136 1916 non
1165 1876 1345 1923 alienam,
1368 1890 1450 1928 per-

114 1953 263 1994 iculum
308 1959 443 1992 autem
490 1965 698 1992 commune
733 1951 996 1990 arbitraretur
1014 1952 1027 1989 2
1066 1949 1266 1988 feriuntur
1312 1949 1448 1987 securi.

115 2025 294 2065 Laetaris
313 2030 360 2063 tu
378 2025 421 2063 in
439 2024 617 2063 omnium
632 2023 786 2076 gemitu
801 2028 842 2061 et
857 2021 1079 2073 triumphas
1094 2035 1104 2069 3
1124 2025 1246 2059 testes
1261 2019 1452 2058 avaritiae

117 2101 210 2135 tuae
228 2094 379 2148 gaudes
399 2107 482 2134 esse
508 2094 694 2133 sublatos.
754 2092 934 2140 Errabas,
958 2091 1113 2139 Verres,
1137 2095 1177 2129 et
1196 2089 1453 2129 vehementer

117 2167 286 2215 errabas,
318 2180 407 2205 cum
436 2172 476 2206 te
505 2166 677 2205 maculas
706 2166 905 2204 furtorum
940 2170 981 2203 ct
1010 2162 1253 2216 flagitiorum
1291 2167 1452 2200 tuorum

117 2239 314 2279 sociorum
327 2238 600 2278 innocentium
619 2238 812 2291 sanguine
833 2237 963 2276 eluere
983 2235 1228 2274 arbitrabare
1238 2250 1247 2283 3
1267 2247 1453 2286 praeceps

117 2310 293 2350 amentia
318 2309 506 2358 ferebare,
529 2310 595 2361 qui
626 2317 666 2349 te
695 2309 944 2348 existimares
973 2307 1165 2346 avaritiae
1189 2305 1352 2345 volnera
1372 2318 1453 2344 cru-

118 2381 296 2421 delitatis
312 2380 496 2420 remediis
511 2394 624 2433 posse
644 2394 791 2419 sanare.
842 2379 1001 2419 Etenim
1022 2391 1261 2430 quamquam
1282 2376 1339 2415 illi
1360 2382 1454 2415 sunt

120 2452 267 2494 mortui
282 2451 438 2491 sceleris
454 2451 513 2490 tui
534 2458 667 2497 testeS,
686 2457 819 2490 tamen
840 2463 975 2489 eorum
997 2448 1208 2501 propinqui
1229 2460 1357 2498 neque
1376 2446 1454 2485 illis

771 2533 795 2559 ι)

1470 1679 1521 1698 121
