1700 2729
225 207 267 243 54
519 200 574 234 M.
610 201 647 234 T.
678 200 968 235 CICERONIS
991 200 1256 235 ACTJONJS
1396 198 1552 245 [5o.132

220 303 451 355 incertoque
470 304 645 356 periculo
674 303 767 343 belli
788 311 829 343 et
849 310 955 344 terra
975 311 1016 343 et
1035 305 1133 343 mari
1154 317 1270 356 saepe
1299 303 1548 343 offenderint.

220 372 384 412 Nullam
403 374 477 413 tibi
497 374 624 413 obicio
644 375 846 414 fortunam
862 391 872 424 3
901 374 1000 413 nihil
1021 382 1091 422 est,
1115 374 1222 426 quod
1247 379 1469 414 ceterorum
1488 387 1551 413 res

220 444 351 483 minus
371 444 575 484 commode
595 451 726 497 gestas
750 445 953 496 proferas3
982 444 1081 483 nihil
1104 451 1174 493 est,
1197 444 1303 496 quod
1333 444 1552 484 multorum

220 515 427 568 naufragia
446 515 631 554 fortunae
658 515 828 568 colligas.
887 515 972 568 Ego
993 529 1113 554 naves
1142 516 1279 555 inanes
1299 516 1421 555 fuisse
1449 515 1550 563 dico,

219 586 388 638 remiges
435 592 656 638 nautasque
703 587 897 635 dimissos,
941 586 1116 638 reliquos
1163 587 1356 639 stirpibus
1404 586 1554 626 vixisse

219 655 441 708 palmarum
455 672 466 706 3
525 657 743 708 praefuisse
790 657 904 696 classi
954 656 1092 709 populi
1138 657 1309 696 Romani
1361 656 1550 704 Siculum,

220 733 413 779 perpetuo
433 728 547 767 sociis
566 735 688 780 atque
713 728 849 767 amicis
869 729 1164 781 Syracusanum
1179 743 1188 777 3
1218 734 1258 767 te
1277 727 1346 767 illo
1375 733 1554 779 tempore

220 799 305 850 ipso
334 799 683 851 superioribusque
702 799 842 838 diebus
871 799 1054 838 omnibus
1078 799 1120 837 in
1143 799 1260 838 litore
1281 812 1370 838 cum
1398 798 1556 837 mulier-

222 870 319 909 culis
357 876 588 923 perpotasse
626 871 739 921 dico3
791 871 933 910 harum
975 884 1110 910 rerum
1148 871 1327 910 omnium
1373 875 1555 909 auctores

149 956 205 985 132
223 947 424 994 testesque
447 943 633 995 produco.
693 942 804 982 Num
823 943 897 982 tibi
926 942 1119 982 insultare
1138 943 1180 981 in
1200 942 1436 991 calamitate,
1458 955 1556 981 num

222 1012 487 1052 intercludere
530 1014 712 1067 perfugia
756 1014 951 1062 fortunae,
992 1027 1089 1052 num
1136 1027 1247 1052 casus
1288 1012 1449 1052 bellicos
1493 1025 1557 1051 ex-

221 1084 410 1136 probrare
438 1090 509 1123 aut
542 1084 696 1124 obicere
725 1085 893 1125 videor?
936 1085 1096 1124 tametsi
1131 1084 1260 1124 solent
1289 1084 1325 1123 ei
1352 1083 1556 1123 fortunam

222 1155 296 1194 sibi
325 1155 426 1194 obici
456 1155 571 1204 nolle,
595 1156 663 1207 qui
692 1169 734 1195 se
763 1156 949 1195 fortunae
978 1156 1272 1203 commiserunt,
1304 1155 1373 1206 qm·
1401 1155 1443 1193 in
1473 1154 1558 1194 eius

221 1226 405 1278 periculis
422 1233 516 1266 sunt
535 1241 579 1266 ac
598 1227 795 1267 varietate
810 1227 959 1267 versati
975 1244 982 1267 ε
1007 1227 1122 1266 istius
1143 1226 1304 1278 quidem
1321 1225 1558 1265 calamitatis

223 1303 315 1336 tuae
335 1297 497 1336 fortuna
516 1298 714 1350 particeps
735 1311 816 1337 non
845 1298 946 1337 fuit:
977 1297 1157 1336 homines
1179 1297 1284 1336 enim
1312 1297 1355 1335 in
1383 1295 1555 1348 proeliis,

223 1382 302 1408 non
333 1369 375 1407 111
405 1369 608 1417 conviviis,
630 1369 724 1408 belli
755 1369 958 1408 fortunam
978 1368 1196 1420 periclitari
1225 1367 1355 1407 solent
1368 1382 1379 1416 3
1420 1367 1462 1406 in
1491 1366 1559 1405 illa

223 1446 358 1479 autem
405 1440 630 1479 calamitate
677 1454 757 1479 non
804 1440 980 1479 Martem
1026 1440 1149 1479 fuisse
1192 1451 1442 1478 communem
1489 1437 1559 1477 sed

223 1511 422 1550 Venerem
441 1524 650 1563 possumus
671 1511 811 1550 dicere.
872 1510 1024 1560 Quodsi
1044 1511 1248 1549 fortunam
1269 1509 1343 1548 tibi
1363 1508 1464 1548 obici
1479 1521 1560 1548 non

224 1587 393 1634 oportet,
431 1595 500 1620 cur
531 1587 577 1620 tu
610 1582 796 1621 fortunae
830 1581 989 1621 illorum
1023 1580 1296 1620 innocentium
1329 1579 1487 1619 veniam
1515 1592 1560 1618 ac.

153 1662 207 1691 133
224 1653 355 1692 locum
386 1666 466 1692 non
497 1653 673 1692 dedistiz
716 1654 836 1692 etiam
867 1652 968 1691 illud
998 1651 1201 1705 praecidas
1231 1651 1334 1699 licet,
1369 1656 1419 1699 te,
1452 1649 1561 1701 quod

225 1724 464 1777 supplicium
483 1738 592 1763 more
612 1724 808 1763 maiorum
837 1724 1051 1776 sumpseris
1072 1723 1277 1774 secmique
1306 1721 1558 1774 percusseris,

225 1795 371 1834 idcirco
404 1809 427 1834 a
461 1809 523 1834 me
557 1796 598 1834 in
633 1796 782 1834 crimen
817 1801 857 1834 et
890 1795 931 1833 in
965 1795 1159 1833 invidiam
1188 1793 1332 1833 vocari.
1391 1792 1485 1832 Non
1519 1792 1562 1830 in

227 1865 420 1918 supplicio
459 1866 607 1905 crimen
645 1879 778 1904 meum
820 1866 994 1905 vertitur
1007 1881 1018 1914 3
1065 1878 1145 1904 non
1183 1878 1256 1917 ego
1295 1877 1396 1917 nego
1435 1862 1562 1902 securi

228 1950 469 1988 quemquam
496 1937 607 1976 feriri
635 1937 804 1986 debere3
846 1950 926 1976 non
956 1950 1028 1989 ego
1058 1942 1210 1975 metum
1235 1949 1284 1975 ex
1312 1949 1355 1974 re
1383 1933 1559 1982 militari,

229 2021 309 2047 non
347 2008 603 2047 severitatem
641 2008 807 2059 imperii,
845 2021 924 2046 non
961 2021 1130 2059 poenam
1168 2006 1311 2059 flagitii
1347 2005 1436 2045 tolli
1473 2004 1563 2044 dico

230 2085 435 2131 oportere:
479 2080 608 2119 fateor
641 2093 720 2118 non
753 2079 872 2118 modo
906 2079 948 2117 in
977 2079 1101 2118 socios
1130 2078 1199 2117 sed
1229 2078 1350 2117 etiam
1381 2077 1424 2116 111
1457 2076 1562 2116 cives

230 2150 456 2202 militesque
494 2156 650 2189 nostros
692 2163 882 2202 persaepe
920 2163 1003 2188 esse
1045 2162 1180 2188 severe
1219 2162 1263 2187 ac
1305 2136 1564 2187 vehementer

231 2221 487 2260 m‘ndicatum.
549 2221 678 2270 Quare
698 2221 794 2260 haec
814 2234 971 2272 quoque
991 2220 1288 2272 praetermittas
1316 2218 1419 2258 licet.
1477 2217 1564 2271 Ego

164 2304 214 2343 51
233 2293 388 2345 culpam
408 2306 488 2332 non
519 2293 561 2331 in
592 2292 799 2331 nauarchis
823 2292 893 2331 sed
923 2292 964 2330 in
996 2298 1036 2331 te
1055 2292 1177 2331 fuisse
1208 2291 1448 2330 demonstro.
1507 2289 1565 2329 Te

234 2365 362 2416 pretio
392 2365 560 2418 remiges
591 2364 817 2415 militesque
837 2364 1032 2403 dimisisse
1063 2377 1197 2416 arguo.
1256 2363 1344 2402 Hoc
1375 2361 1564 2401 nauarchi

233 2436 375 2488 reliqui
409 2436 572 2484 dicunt:
618 2436 692 2475 1100
725 2435 966 2475 Netinorum
1000 2435 1204 2474 foederata
1237 2434 1377 2473 civitas
1407 2432 1564 2486 publice
