1700 2729
227 206 272 247 76
524 207 580 241 M.
614 207 653 241 Τ.
684 205 975 242 CICERONIS
998 206 1264 242 ACTIONIS
1406 204 1560 251 [71.183

151 312 206 348 183
224 310 381 349 invidos
410 324 530 362 quani
562 310 663 350 ullas
696 311 923 350 inimicitias
957 311 1203 363 susceperis?
1241 324 1360 361 quam
1391 310 1442 349 ob
1474 323 1559 350 rem

224 381 333 430 mihi,
355 381 515 430 iudices,
538 387 721 434 optatum
740 381 841 420 illud
870 387 941 429 est,
964 382 1005 420 in
1032 382 1104 421 hoc
1123 395 1190 421 reo
1211 381 1330 420 finem
1349 381 1559 420 accusandi

223 452 362 501 facere,
394 466 483 492 cum
512 458 554 492 et
581 453 728 505 populo
762 453 943 492 Romano
976 453 1072 492 satis
1105 453 1256 507 factum
1285 458 1326 491 et
1353 457 1558 504 receptum

223 524 394 562 officium
413 523 566 572 Siculis,
590 523 818 563 necessariis
841 524 950 572 meis,
974 524 1050 563 erit
1068 523 1317 575 persolutum
1330 539 1341 573 3
1369 522 1559 563 delibera-

223 600 310 633 tum
343 600 478 633 autem
513 600 583 642 est,
618 595 649 633 si
682 607 745 633 res
779 594 1005 646 opinionem
1039 607 1178 642 meam,
1212 607 1332 645 quam
1364 593 1414 634 de
1445 594 1558 634 vobis

222 665 358 713 habeo,
390 665 587 713 fefellerit,
619 678 700 704 non
728 664 847 704 modo
877 678 942 704 eos
970 665 1165 717 persequi,
1187 664 1238 703 ad
1258 678 1356 716 quos
1384 652 1558 704 maffime

222 735 337 788 culpa
357 737 533 788 corrupti
562 735 708 784 iudicii,
733 735 802 775 sed
826 736 947 775 etiam
974 735 1073 784 illos,
1096 735 1148 774 ad
1167 749 1266 787 quos
1295 736 1558 776 conscientiae

221 807 406 859 contagio
434 807 662 859 pertinebit.
723 806 896 846 Proinde
925 806 958 845 si
987 806 1055 858 qui
1084 812 1189 855 sunt,
1221 806 1289 858 qui
1317 807 1360 845 in
1387 806 1461 846 hoc
1489 820 1557 847 reo

220 883 291 917 aut
320 884 506 930 potentes
535 884 607 917 aut
636 877 805 918 audaces
837 884 909 917 aut
938 878 1108 917 artifices
1137 877 1190 916 ad
1223 878 1557 931 corrumpendum

220 949 413 989 iudicium
432 950 560 989 velint
589 963 682 998 esse,
711 950 768 989 ita
797 950 878 989 sint
905 949 1045 1001 parati,
1066 955 1114 988 ut
1133 949 1381 1002 disceptante
1409 949 1556 1002 populo

220 1021 401 1060 Romano
421 1034 576 1060 mecum
603 1021 677 1059 sibi
706 1034 790 1059 rem
809 1020 975 1060 videant
993 1021 1172 1060 futuram
1186 1036 1196 1069 3
1226 1026 1267 1059 et
1286 1020 1318 1059 si
1338 1033 1402 1060 me
1420 1020 1462 1059 in
1481 1020 1556 1060 hoc

205 1105 297 1140 Teo,
316 1105 434 1143 quem
450 1092 547 1131 mihi
562 1092 768 1131 inimicum
787 1091 909 1132 Siculi
925 1091 1134 1140 dederunt,
1153 1092 1248 1130 satis
1263 1092 1552 1141 vehementem,

220 1163 315 1202 satis
335 1169 666 1215 perseverantem,
690 1163 786 1202 satis
805 1163 1040 1216 vigilantem
1063 1176 1147 1202 esse
1167 1168 1400 1216 cognorunt,
1423 1163 1555 1202 existi-

219 1239 331 1273 ment
367 1235 409 1273 in
446 1235 508 1273 his
550 1234 787 1283 hominibus,
829 1248 998 1286 quorum
1037 1248 1110 1287 ego
1147 1234 1375 1273 inimicitias
1416 1233 1553 1286 populi

218 1305 389 1344 Romani
427 1305 565 1345 salutis
599 1320 715 1346 causa
753 1319 970 1358 suscepero,
1006 1305 1134 1345 multo
1170 1305 1395 1358 graviorem
1432 1310 1554 1357 atque

218 1377 409 1416 acriorem
429 1377 621 1417 futurum.

147 1453 199 1492 72
272 1447 390 1487 Nunc
424 1454 474 1496 te,
507 1448 689 1500 Iuppiter
723 1449 884 1501 Optime
922 1448 1110 1495 Maxime,
1148 1448 1258 1486 cuius
1292 1448 1367 1486 iste
1400 1446 1552 1486 donum

143 1525 199 1562 184
217 1518 358 1571 regale,
381 1519 548 1572 dignum
578 1525 648 1559 tuo
677 1519 944 1572 pulcherrimo
973 1519 1133 1571 templo,
1155 1519 1323 1572 dignum
1352 1518 1551 1571 Capitolio

215 1596 335 1641 atque
364 1590 441 1629 ista
469 1604 557 1630 arce
586 1591 764 1630 omnium
793 1590 1013 1638 nationum,
1039 1590 1206 1643 dignum
1235 1589 1344 1642 regio
1373 1602 1547 1638 munere,

216 1660 289 1699 tibi
308 1660 459 1700 factum
478 1661 529 1700 ab
556 1661 728 1714 regibus,
751 1661 825 1700 tibi
853 1660 1031 1700 dicatum
1058 1666 1180 1712 atque
1208 1660 1457 1713 promissum,
1478 1673 1551 1713 per

214 1731 411 1771 nefarium
431 1732 556 1771 scelus
575 1731 626 1771 de
645 1732 828 1771 manibus
847 1732 965 1785 regiis
987 1731 1166 1780 extorsit,
1185 1731 1374 1783 cuiusque
1389 1731 1549 1770 sanctis-

213 1803 358 1842 simum
397 1810 437 1842 et
474 1803 785 1856 pulcherrimum
823 1803 1077 1842 simulacrum
1115 1803 1322 1855 Syracusis
1360 1802 1548 1852 sustulit,

213 1880 343 1925 teque,
367 1874 468 1914 Iuno
488 1875 652 1927 Regina,
676 1874 786 1913 cuius
807 1874 887 1913 duo
907 1874 999 1913 fana
1019 1873 1174 1913 duabus
1193 1874 1235 1912 in
1254 1873 1394 1913 insulis
1417 1873 1548 1925 posita

212 1945 418 1994 sociorum,
459 1945 623 1985 Melitae
662 1951 703 1985 et
739 1945 858 1993 Sami,
899 1945 1146 1983 sanctissima
1185 1950 1225 1984 et
1256 1944 1543 1996 antiquissima,

211 2016 330 2054 simili
367 2016 511 2055 scelere
557 2015 664 2055 idem
710 2017 785 2055 iste
832 2015 1015 2055 omnibus
1062 2014 1177 2053 donis
1223 2014 1546 2066 ornamentisque

210 2086 403 2135 nudavit,-
432 2092 562 2137 teque,
585 2086 778 2135 Minerva,
801 2099 921 2138 quam
940 2086 1037 2125 item
1065 2085 1221 2125 duobus
1249 2085 1291 2124 in
1320 2084 1545 2125 clarissimis

211 2164 251 2197 et
296 2158 601 2211 religiosissimis
648 2158 808 2210 templis
856 2158 1058 2210 expilavit,
1098 2157 1281 2206 Athenis,
1322 2171 1412 2196 cum
1457 2157 1545 2197 auri

209 2229 360 2281 grande
388 2229 554 2281 pondus,
589 2229 805 2282 Syracusis,
839 2243 928 2268 cum
957 2229 1089 2269 omnia
1126 2235 1285 2281 praeter
1313 2234 1465 2268 tectum
1502 2234 1544 2268 et

209 2301 380 2352 parietes
427 2300 618 2350 abstulit,-
665 2306 795 2352 teque,
835 2301 1000 2348 Latona,
1042 2306 1083 2339 et
1119 2299 1266 2352 Apollo
1313 2306 1354 2340 et
1398 2300 1539 2348 Diana,

209 2385 379 2422 quorum
407 2371 483 2411 iste
512 2370 603 2410 Deli
632 2385 711 2410 non
739 2371 888 2419 fanum,
920 2371 999 2420 sed,
1028 2376 1076 2410 ut
1104 2371 1310 2410 hominum
1339 2370 1472 2423 opinio
1501 2375 1543 2409 et

209 2442 347 2495 religio
400 2442 489 2490 fert,
539 2441 673 2482 sedem
725 2442 932 2494 antiquam
983 2442 1244 2494 divinumque
1296 2440 1541 2481 domicilium
