1700 2729
208 236 254 269 70
505 226 562 261 M.
598 227 635 261 T.
666 226 957 262 CICERONIS
979 227 1246 262 ACTJONJS
1383 226 1538 273 [66.169

209 337 322 370 tuere
337 330 406 382 qui
421 343 462 370 se
477 330 603 370 civem
623 331 848 370 Romamun
864 344 947 371 esse
959 331 1076 380 dicat,
1092 331 1199 383 quod
1215 332 1283 383 qui
1298 332 1352 371 sit
1364 332 1540 385 ignoret:

208 403 288 441 iam
308 415 443 442 omnes
471 402 706 455 provincias,
728 402 807 441 iam
827 403 960 442 omnia
987 416 1120 456 regna,
1143 403 1222 442 iam
1242 416 1378 443 omnes
1398 403 1542 442 liberas

210 473 402 522 civitates,
427 473 506 513 iam
535 486 694 512 omnem
722 474 858 513 orbem
887 479 1093 523 terrarum,
1116 475 1184 526 qui
1213 488 1368 527 semper
1396 474 1543 514 nostris

210 545 437 584 hominibus
456 544 629 584 maxime
656 545 800 596 patuit,
823 545 974 584 civibus
1003 546 1193 585 Romanis
1217 546 1294 585 ista
1313 545 1544 586 defensione

210 616 478 669 praecluseris.
549 615 683 664 Quidz
722 616 755 655 si
786 616 829 655 L.
863 617 1064 665 Raecium,
1098 617 1274 668 equitem
1304 618 1541 665 Romanum,

211 688 280 740 qui
300 693 387 727 tum
406 687 448 726 in
467 686 601 726 Sicilia
621 692 716 735 erat,
734 687 976 736 nominabat,
995 688 1168 727 etiamne
1187 687 1229 727 id
1248 701 1438 741 magnum
1453 687 1533 727 fuit

211 758 484 797 Panhormum
510 757 666 797 litteras
694 758 884 798 mittere?
939 757 1205 798 Adservasses
1234 758 1436 798 hominem
1464 771 1547 798 cus-

211 829 332 869 todiis
360 829 696 868 Mamertinorum
724 834 897 878 tuorum,
919 829 1110 878 vinctum,
1133 829 1310 869 clausum
1329 829 1544 877 habuisses,

211 901 309 941 dum
346 901 575 940 Panhormo
611 900 779 940 Raecius
812 900 969 940 veniret
984 916 994 951 3
1041 907 1296 954 cognosceret
1332 901 1544 948 hominem,

211 971 364 1024 aliquid
383 971 432 1011 de
452 984 608 1010 summo
628 970 820 1023 supplicio
839 971 1063 1010 remitteres
1077 986 1088 1021 3
1117 971 1150 1010 si
1168 972 1380 1025 ignoraret,
1399 976 1497 1020 tum,
1514 971 1548 1010 si

212 1043 269 1082 ita
298 1043 372 1082 tibi
391 1042 607 1090 videretur,
638 1042 712 1081 hoc
740 1042 837 1081 iuris
866 1042 908 1080 in
936 1055 1073 1081 omnes
1102 1043 1374 1091 constitueres,
1399 1047 1456 1090 ut,
1479 1041 1549 1093 qui

213 1128 342 1166 neque
370 1114 445 1153 tibi
472 1120 591 1153 notus
621 1119 724 1153 esset
743 1127 871 1165 neque
891 1114 1136 1167 cognitorem
1164 1114 1402 1167 locupletem
1421 1113 1537 1154 daret

214 1186 396 1238 quamvis
416 1185 512 1224 civis
532 1185 736 1225 Romanus
756 1190 870 1233 esset,
892 1185 934 1224 in
954 1198 1109 1225 crucem
1129 1185 1348 1225 tolleretur.

144 1255 196 1293 66
269 1256 348 1296 Sed
364 1255 461 1308 quid
481 1269 554 1308 ego
574 1255 688 1307 plura
703 1255 753 1294 de
773 1255 925 1295 Gavio?
973 1255 1094 1304 Quasi
1114 1261 1161 1294 tu
1175 1255 1303 1296 Gavio
1319 1261 1406 1295 tum
1425 1253 1549 1294 fueris

142 1333 198 1371 169
215 1328 384 1367 infestus
404 1342 449 1367 ac
468 1341 548 1366 non
567 1327 729 1375 nomini,
751 1327 898 1380 generi,
916 1327 993 1366 iuri
1013 1328 1159 1367 civium
1179 1327 1315 1367 hostis.
1364 1326 1460 1367 Non
1477 1327 1548 1376 illi,

214 1399 389 1450 inquam,
429 1398 580 1438 homini
618 1398 688 1437 sed
730 1412 869 1438 causae
906 1399 1106 1438 communi
1138 1399 1335 1438 libertatis
1367 1398 1551 1439 inimicus

216 1470 338 1509 fuisti.
412 1469 519 1518 Quid
551 1469 657 1509 enim
689 1469 868 1518 attinuit,
900 1483 990 1508 cum
1022 1470 1255 1509 Mamertini
1288 1482 1397 1509 more
1429 1474 1552 1522 atque

217 1541 405 1580 instituto
434 1554 505 1580 suo
532 1553 687 1579 crucem
707 1540 889 1579 fixissent
916 1546 1008 1592 post
1026 1540 1167 1579 urbem
1195 1540 1237 1579 in
1256 1540 1321 1579 via
1349 1540 1550 1592 Pompeia,

219 1619 258 1652 te
278 1612 414 1651 iubere
434 1612 475 1651 in
495 1625 540 1651 ea
559 1618 672 1664 parte
693 1612 824 1664 figere,
843 1625 943 1663 quae
958 1611 1010 1651 ad
1029 1612 1178 1651 fretum
1198 1617 1406 1664 spectaret,
1424 1618 1465 1651 et
1479 1612 1553 1651 hoc

218 1683 376 1732 addere,
417 1683 525 1734 quod
567 1696 712 1736 negare
750 1683 860 1722 nullo
897 1683 1016 1723 modo
1058 1688 1182 1735 potes,
1223 1682 1331 1734 quod
1370 1682 1554 1722 omnibus

219 1754 474 1794 audientibus
502 1753 642 1792 dixisti
669 1753 810 1806 palam,
833 1759 874 1793 te
901 1753 1047 1793 idcirco
1075 1753 1189 1793 illum
1217 1753 1348 1793 locum
1367 1753 1552 1806 deligere,

219 1832 266 1864 ut
293 1825 370 1874 ille,
393 1825 582 1877 quoniam
611 1838 651 1864 se
681 1825 807 1863 civem
835 1824 1061 1863 Romanum
1085 1838 1168 1864 esse
1188 1824 1349 1873 diceret,
1371 1837 1423 1864 ex
1441 1837 1555 1864 cruce

220 1897 378 1936 Italiam
398 1910 557 1936 cernere
576 1910 620 1935 ac
639 1895 804 1935 domum
823 1909 935 1935 suam
954 1896 1177 1948 prospicere
1195 1899 1358 1948 posset2
1413 1895 1556 1948 Itaque

220 1969 289 2008 illa
308 1983 406 2008 crux
425 1968 517 2016 sola,
540 1967 700 2015 iudices,
722 1973 814 2019 post
833 1967 1035 2007 conditam
1063 1967 1291 2007 Messanam
1318 1967 1387 2006 illo
1406 1967 1448 2006 in
1470 1966 1556 2006 loco

221 2041 301 2079 fixa
321 2046 382 2079 est
395 2056 406 2090 3
434 2039 574 2079 Italiae
595 2044 827 2091 conspectus
842 2038 894 2077 ad
914 2051 1001 2078 eam
1019 2052 1105 2078 rem
1123 2039 1174 2078 ab
1193 2038 1270 2077 isto
1285 2037 1463 2078 delectus
1483 2043 1554 2086 est,

222 2118 269 2151 ut
306 2112 372 2151 ille
408 2112 451 2150 in
488 2110 624 2150 dolore
668 2110 923 2162 cruciatuque
960 2110 1132 2149 moriens
1169 2115 1412 2163 perangusto
1449 2110 1559 2149 fretu

223 2183 350 2222 divisa
370 2182 575 2222 servitutis
595 2196 639 2221 ac
658 2181 855 2221 libertatis
884 2181 970 2220 iura
1000 2186 1263 2235 cognosceret,
1286 2180 1403 2220 Italia
1422 2185 1558 2220 autem

223 2255 430 2294 alumnum
467 2267 584 2293 suum
621 2253 827 2293 servitutis
865 2259 1045 2293 extremo
1088 2266 1322 2304 summoque
1364 2251 1558 2305 supplicio

151 2347 207 2376 170
224 2326 402 2366 adfixum
435 2325 600 2365 videret.
671 2324 842 2364 Facinus
881 2330 941 2364 est
973 2324 1122 2364 vincire
1156 2324 1282 2363 civem
1319 2323 1556 2371 Romanum,

226 2398 351 2438 scelus
370 2397 590 2445 verberare,
614 2409 737 2449 prope
765 2396 1022 2448 parricidium
1051 2409 1213 2435 necare:
1243 2395 1341 2447 quid
1360 2394 1489 2434 dicam
1516 2394 1559 2433 in

227 2482 381 2509 crucem
401 2468 539 2508 tollere
556 2471 568 2507 [2
615 2467 748 2506 Verbo
765 2467 859 2506 satis
875 2466 997 2519 digno
1018 2472 1100 2506 tam
1120 2466 1270 2506 nefaria
1289 2479 1351 2506 res
1370 2464 1560 2517 appellari
