1674 2729
152 210 211 246 63.
224 207 307 255 163]
333 209 400 244 IN
422 208 611 244 GAJUM
641 208 873 244 VERREM
894 209 1200 246 SECUNDAE
1223 213 1323 247 Lm.
1352 213 1386 247 V.
1438 213 1483 256 67

150 319 294 367 posset.
353 313 456 352 Tum
494 313 579 361 iste,
620 325 661 352 se
699 313 934 365 comperisse
973 326 1063 353 eum
1101 315 1330 367 speculandi
1367 330 1484 357 causa

150 384 193 424 in
230 383 405 424 Siciliam
442 397 466 422 a
502 383 670 423 ducibus
709 383 973 437 fugitivorum
1011 398 1094 425 csse
1139 386 1483 435 missum,—cuius

150 454 208 495 rei
239 467 367 506 neque
400 453 523 493 index
553 467 681 506 neque
715 455 930 508 vestigium
959 454 1121 507 aliquod
1155 469 1283 508 nequo
1313 459 1483 510 suspicio

150 525 335 577 cuiquam
391 531 495 564 esset
540 524 645 574 ulla3
700 524 845 565 deinde
891 526 1004 565 iubet
1058 526 1235 579 undique
1281 527 1482 569 hominem

150 595 499 636 vehementissime
536 596 747 635 verberari.
824 595 1076 637 Caedebatur
1113 598 1235 652 virgis
1272 599 1313 638 in
1351 600 1482 640 medio
1502 610 1557 639 162

151 667 239 706 foro
267 666 475 706 Messanae
505 667 601 706 civis
630 667 844 716 Romanus,
867 667 1027 717 iudices,
1051 682 1139 708 cum
1168 669 1321 710 interca
1350 671 1482 711 nullus

151 739 337 792 gemitus,
370 737 479 778 nulla
509 751 589 778 vox
619 738 696 777 alia
722 738 828 777 illius
859 739 992 778 miseri
1022 740 1128 779 inter
1156 740 1334 780 dolorem
1363 743 1482 794 crepi-

152 814 320 860 tumque
366 808 574 861 plagarum
611 807 850 848 audiebatur
894 809 968 848 nisi
1007 809 1124 849 haec:
1164 812 1248 849 civis
1294 812 1482 852 Romanus

151 892 243 919 sum.
313 878 399 918 Hac
437 892 478 918 sc
526 879 900 919 commemoratione
937 880 1111 920 civitatis
1149 882 1281 920 omnia
1318 883 1483 923 verbera

151 949 413 1002 depulsurum
460 950 758 1001 cruciatumque
804 964 828 989 a
883 963 1044 1003 corpore
1090 951 1338 992 deiecturum
1384 954 1483 993 arbi-

153 1021 345 1060 trabatur.
405 1020 444 1060 Is
482 1034 561 1060 non
599 1020 718 1060 modo
756 1020 829 1060 hoc
867 1034 946 1060 non
984 1021 1160 1074 perfecit,
1196 1029 1243 1062 ut
1279 1024 1482 1077 virgarum

153 1092 235 1131 vim
254 1091 545 1144 deprecaretur,
563 1091 643 1139 sed,
661 1105 750 1130 cum
769 1091 1001 1144 imploraret
1020 1093 1175 1145 saepius
1193 1100 1482 1147 usurparetque

153 1175 300 1202 nomen
319 1162 504 1210 civitatis,
535 1175 643 1210 crux,
667 1175 774 1210 crux,
803 1162 977 1213 inquam,
1000 1162 1147 1202 infelici
1168 1170 1209 1203 et
1235 1177 1480 1215 aerumnoso,

153 1235 224 1287 qui
242 1248 448 1286 nunquam
467 1235 586 1274 istam
605 1241 758 1287 pestem
778 1234 945 1282 viderat,
969 1236 1281 1287 comparabatur.

208 1305 244 1346 O
282 1319 428 1346 nomen
464 1305 580 1345 dulce
617 1305 837 1345 libertatis!
908 1305 942 1346 O
990 1306 1051 1345 ius
1089 1307 1279 1346 eximium
1326 1314 1483 1348 nostrae
1503 1313 1555 1352 63

155 1376 329 1416 civitatis
346 1380 353 1416 !
410 1375 444 1416 O
468 1375 534 1415 lex
554 1376 693 1415 Porcia
711 1375 898 1429 legesque
918 1376 1174 1428 Semproniae
1192 1381 1198 1416 !
1255 1377 1289 1417 O
1309 1379 1485 1431 graviter
1506 1387 1562 1425 163

153 1446 380 1487 desiderata
408 1453 450 1486 et
477 1446 692 1498 aliquando
720 1446 879 1486 reddita
906 1446 1012 1498 plebi
1042 1447 1244 1487 Romanae
1273 1449 1485 1488 tribunicia

154 1521 356 1570 potestas!
431 1517 590 1557 Hucine
637 1516 801 1556 tandem
840 1517 935 1556 haec
973 1517 1106 1556 omnia
1152 1517 1399 1567 recederunt‚
1439 1526 1487 1559 ut

156 1589 252 1629 civis
290 1588 493 1628 Romanus
531 1589 573 1627 in
610 1588 813 1640 provincia
850 1587 987 1640 populi
1031 1588 1211 1637 Romani,
1250 1590 1293 1628 in
1339 1590 1486 1642 oppido

155 1660 452 1701 foederatorum
484 1660 535 1699 ab
568 1673 625 1708 eo,
661 1660 730 1711 qui
763 1660 952 1699 beneficio
985 1659 1121 1712 populi
1161 1661 1330 1700 Romani
1363 1662 1486 1702 fasces

155 1738 198 1772 et
229 1744 384 1771 secures
421 1730 597 1779 haberet,
632 1730 831 1784 deligatus
869 1731 911 1769 in
943 1730 1030 1770 foro
1067 1731 1191 1784 virgis
1228 1731 1487 1773 caederetur?

157 1801 293 1852 Quid?
347 1801 451 1842 Cum
488 1801 600 1855 ignes
633 1801 898 1853 ardentesque
937 1800 1106 1841 laminae
1140 1802 1340 1854 ceterique
1368 1804 1486 1843 cruci-

155 1879 246 1913 atus
274 1871 601 1920 admovebantur,
633 1872 666 1911 si
695 1877 735 1911 te
767 1871 874 1911 illius
902 1871 1043 1911 acerba
1074 1871 1301 1924 imploratio
1334 1879 1375 1913 et
1406 1887 1486 1913 vox

155 1943 391 1984 miserabilis
418 1957 499 1983 non
527 1943 744 1991 inhibebat,
767 1956 817 1982 ne
846 1943 992 1982 civium
1012 1942 1174 1994 quidem
1202 1943 1483 1994 Romanorum,

155 2016 225 2069 qui
253 2021 341 2055 tum
368 2014 546 2063 aderant,
577 2015 675 2054 fletu
703 2020 745 2054 et
771 2014 925 2068 gemitu
952 2014 1127 2054 maximo
1160 2016 1486 2057 commovebare2

156 2086 206 2126 In
243 2099 398 2126 crucem
431 2092 477 2125 tu
511 2098 628 2139 agere
665 2099 784 2125 ausus
819 2098 859 2125 es
893 2098 1143 2137 quemquam,
1184 2086 1252 2137 qui
1286 2099 1326 2125 sc
1360 2087 1485 2126 civem

157 2157 383 2197 Romanum
420 2169 503 2196 esse
541 2155 719 2196 diceret?
785 2155 908 2195 Nolui
947 2162 1030 2194 tam
1077 2155 1333 2196 vehementer
1368 2170 1486 2210 agere

157 2228 231 2267 hoc
249 2227 378 2280 prima
405 2227 571 2274 actione,
593 2226 753 2274 iudices,
776 2225 894 2265 nolui.
954 2225 1123 2265 Vidistis
1152 2227 1267 2274 enim,
1290 2234 1337 2266 ut
1363 2228 1485 2267 animi

158 2297 430 2338 multitudinis
458 2297 499 2336 in
519 2298 641 2336 istum
669 2296 806 2336 dolore
826 2303 867 2336 et
895 2296 986 2336 odio
1007 2303 1047 2336 ct
1076 2298 1294 2336 communis
1322 2298 1485 2350 periculi

159 2376 271 2410 metu
307 2369 610 2409 concitarentur.
687 2367 820 2407 Statui
860 2374 1018 2420 egomet
1054 2367 1150 2406 mihi
1190 2374 1276 2407 tum
1323 2369 1485 2408 modum

159 2438 346 2494 [orationi
381 2437 507 2491 meac]
542 2445 583 2477 ct
615 2437 657 2478 C.
695 2436 935 2484 Numitorio,
973 2437 1097 2488 equiti
1133 2437 1321 2485 Romano,
1358 2439 1485 2490 primo
