1700 2729
212 202 255 235 72
509 195 565 229 M.
600 195 637 230 T.
668 195 959 231 CICERONIS
983 195 1249 231 ACTJONJS
1389 193 1544 241 [67.173

211 299 343 337 onmia
363 312 433 338 sua
452 299 549 348 iura,
568 299 784 348 commoda,
801 300 960 348 auxilia,
980 306 1105 339 totam
1125 300 1297 352 denique
1316 299 1543 339 libertatem

136 386 191 416 173
209 369 250 408 in
284 371 427 409 vestris
460 371 668 410 sententiis
702 372 849 411 versari
882 372 1138 410 arbitrantur.
1211 371 1249 410 A
1283 384 1345 410 me
1383 370 1544 410 tametsi

209 441 305 480 satis
338 441 497 489 habent,
530 446 663 480 tamen
693 442 725 480 si
754 456 815 481 res
844 442 960 482 aliter
988 442 1185 490 acciderit,
1217 441 1306 494 plus
1340 441 1546 481 habebunt

208 512 376 551 fortasse
397 525 516 563 quam
545 512 761 564 postulant.
821 512 927 552 Nam
956 513 988 552 si
1008 527 1086 564 qua
1106 513 1165 551 vis
1194 513 1317 552 istum
1342 512 1392 552 de
1412 517 1546 552 vestra

208 584 421 623 severitate
441 583 634 635 eripuerit
652 609 705 613 —
724 583 765 622 id
785 584 893 635 quod
917 597 1045 635 neque
1065 590 1211 632 metuo,
1233 584 1393 632 iudices,
1416 596 1545 635 neque

207 654 289 694 ullo
323 654 442 694 modo
475 654 560 693 fieri
598 668 712 706 posse
745 654 863 694 video
896 680 959 703 —,
996 654 1066 694 sed
1099 655 1132 693 si
1165 655 1207 693 in
1240 655 1313 694 hoc
1346 667 1409 694 me
1442 654 1544 693 ratio

207 725 405 774 fefellerit,
429 725 551 765 Siculi
581 739 738 764 causam
767 740 879 765 suam
908 726 1056 778 perisse
1076 730 1295 777 querentur
1323 730 1364 765 et
1389 739 1543 765 mecum

206 797 356 848 pariter
393 796 558 836 moleste
597 797 738 846 ferent,
774 796 944 849 populus
978 796 1140 848 quidem
1178 797 1380 836 Romanus
1418 796 1541 844 brevi,

206 867 395 918 quoniam
423 867 521 906 mihi
549 873 792 920 potestatem
819 867 926 920 apud
955 881 996 907 se
1024 867 1168 920 agendi
1192 867 1316 916 dedit,
1337 867 1398 906 ius
1427 880 1543 906 suum

205 952 268 978 me
287 945 432 992 agente
452 939 533 978 suis
562 940 760 992 suffragiis
779 945 873 978 ante
903 939 993 978 Kal.
1016 939 1251 978 Februarias
1280 939 1540 991 recuperabit.

205 1010 264 1050 Ac
293 1011 326 1049 si
351 1010 402 1050 de
431 1024 519 1050 mea
547 1010 674 1064 gloria
702 1016 823 1062 atque
852 1010 1117 1063 amplitudine
1146 1010 1348 1062 quaeritis,
1379 1009 1540 1058 iudices,

205 1095 285 1121 non
305 1087 366 1121 est
384 1082 560 1121 alienum
588 1082 685 1122 meis
714 1082 947 1131 rationibus,
969 1082 1092 1121 istum
1116 1082 1213 1120 mihi
1234 1095 1284 1121 ex
1302 1082 1376 1121 hoc
1395 1081 1542 1120 iudicio

205 1159 387 1206 ereptum
433 1153 485 1193 ad
531 1153 632 1192 illud
683 1153 820 1206 populi
871 1154 1042 1193 Romani
1092 1153 1284 1192 iudicium
1334 1153 1539 1192 reservari.

204 1224 424 1277 Splendida
453 1230 514 1264 est
541 1225 609 1264 illa
638 1238 765 1273 causa,
796 1225 1011 1277 probabilis
1041 1225 1138 1263 mihi
1168 1231 1209 1264 et
1236 1224 1372 1273 facilis,
1394 1223 1541 1276 populo

203 1302 319 1350 grata
346 1303 467 1349 atque
495 1297 678 1336 iucunda.
737 1297 920 1349 Denique
950 1297 983 1336 si
1002 1297 1140 1336 videor
1168 1297 1241 1345 hic,
1270 1297 1312 1336 id
1332 1296 1439 1348 quod
1468 1310 1542 1349 ego

204 1381 284 1407 non
313 1368 501 1420 quaesivi,
532 1367 582 1407 de
611 1381 691 1407 uno
720 1368 797 1407 isto
826 1367 997 1407 voluisse
1027 1381 1208 1416 crescere,
1239 1367 1316 1406 isto
1344 1366 1539 1415 absoluto,

204 1439 312 1491 quod
332 1440 416 1479 sine
436 1439 655 1479 multorum
675 1439 820 1479 scelere
840 1440 925 1478 fieri
951 1453 1031 1478 non
1050 1444 1194 1491 potest,
1216 1438 1266 1478 de
1286 1437 1423 1477 multis
1443 1437 1541 1476 1111111

205 1524 377 1549 crescere
392 1510 537 1549 licebit.

134 1582 186 1621 68
259 1581 338 1620 Sed
358 1580 582 1620 mehercule
603 1586 736 1620 vestra
755 1581 891 1632 reique
918 1580 1097 1632 publicae
1118 1593 1244 1628 causa,
1266 1579 1426 1628 iudices,
1449 1578 1541 1618 nolo

204 1652 245 1690 in
266 1652 338 1691 1100
354 1652 508 1692 delecto
524 1651 686 1691 consilio
703 1656 862 1691 tantum
882 1651 1024 1704 fiagitii
1044 1664 1128 1690 esse
1144 1650 1396 1690 commissum
1409 1665 1420 1700 3
1449 1649 1540 1689 nolo

205 1737 270 1762 005
299 1723 459 1772 111(11005,
483 1737 580 1775 (11105
603 1736 675 1776 ego
703 1722 905 1775 probarim
924 1727 1045 1774 atque
1065 1721 1292 1775 delegerim,
1315 1721 1370 1760 sic
1398 1721 1440 1760 in
1468 1720 1540 1760 hac

203 1795 301 1834 urbe
322 1800 481 1834 notatos
501 1795 578 1834 isto
598 1794 781 1834 absoluto
809 1794 1023 1842 ambulare,
1045 1799 1093 1832 ut
1112 1807 1191 1832 non
1215 1807 1302 1832 cera
1322 1792 1392 1832 sed
1421 1805 1540 1832 caeno

130 1876 186 1905 174
204 1865 317 1905 obliti
348 1879 431 1906 esse
451 1866 674 1905 videantur.
735 1865 863 1914 Quam
893 1866 943 1905 ob
971 1879 1054 1904 rem
1084 1871 1124 1904 te
1144 1878 1312 1916 quoque,
1335 1864 1538 1912 Hortensi,

203 1937 236 1976 si
256 1938 324 1989 (1111
353 1937 541 1977 monendi
569 1936 677 1976 locus
699 1950 748 1975 ex
768 1937 841 1976 hoc
861 1936 945 1976 1000
967 1942 1037 1985 est,
1059 1949 1223 1975 moneo:
1254 1935 1390 1974 w'deas
1419 1935 1540 1974 etiam

202 2013 322 2059 atque
343 2008 464 2047 etiam
485 2013 525 2047 et
544 2007 777 2056 consideres,
800 2006 898 2058 quid
916 2020 1021 2060 agas,
1039 2020 1117 2058 (1110
1137 2005 1402 2059 progrediare,
1420 2019 1539 2057 quem

202 2079 404 2118 hominem
425 2084 465 2118 et
485 2092 562 2130 qua
588 2079 742 2118 ratione
762 2078 963 2118 defendas.
1023 2078 1165 2129 Neque
1184 2077 1234 2117 de
1253 2077 1322 2116 illo
1341 2077 1416 2116 tibi
1435 2077 1540 2129 quic-

202 2164 322 2202 quam
358 2150 561 2202 praefinio,
597 2163 675 2202 quo
713 2150 844 2189 minus
882 2149 1043 2203 ingenio
1081 2162 1235 2189 mecum
1272 2154 1393 2200 atque
1430 2148 1539 2188 omni

201 2221 360 2261 dicendi
380 2221 570 2261 facultate
591 2220 807 2261 contendas
824 2238 830 2261 :
861 2228 991 2260 cetera
1007 2221 1040 2259 si
1055 2234 1133 2272 qua
1152 2226 1269 2272 putas
1284 2225 1325 2259 te
1346 2219 1538 2259 occultius

202 2298 316 2332 extra
335 2292 537 2341 iudicium,
560 2306 661 2344 quae
680 2292 732 2331 ad
760 2292 952 2331 iudicium
980 2292 1218 2344 pertineant,
1241 2291 1369 2330 facere
1397 2304 1538 2343 posse3

202 2365 235 2403 si
273 2364 369 2415 quid
408 2364 586 2412 artificio,
628 2363 800 2412 consilio,
846 2364 1036 2416 potentia,
1077 2363 1216 2416 gratia,
1258 2362 1379 2414 copiis
1421 2362 1536 2401 istius

201 2435 332 2474 moliri
366 2436 526 2489 cogitas,
558 2449 702 2488 magno
732 2448 848 2487 opere
878 2448 1017 2474 censeo
1045 2434 1224 2481 desistas,
1257 2439 1298 2473 et
1325 2432 1402 2481 illa,
1434 2445 1535 2484 quae
