1674 2729
139 176 298 226 52136]
322 178 391 214 IN
413 177 601 214 GAIUM
631 178 860 213 VERREM
882 179 1187 215 SECUNJ).-1E
1213 181 1311 215 Lllss.
1340 181 1375 215 1'.
1431 190 1469 226 55

141 281 265 332 dicit3
307 283 379 322 hoc
414 283 685 330 Herbitenses,
719 283 789 322 hoc
820 283 1094 331 Amestratini,
1122 284 1193 322 hoe
1228 284 1470 332 Hennenses,

140 352 424 407 Agyrinenses,
460 353 725 406 Tyndaritani
765 353 921 405 publice
958 354 1122 401 dicunt;
1171 362 1262 393 tuus
1300 354 1472 406 denique

141 424 266 472 testis,
284 430 378 464 tuus
398 424 624 476 imperator,
644 430 736 463 tuus
756 424 947 472 aemulus,
966 432 1058 464 tuus
1080 425 1221 477 hospes
1241 425 1472 465 Cleomenes

139 495 214 535 hoc
245 494 355 544 dicit,
391 509 474 535 sese
514 496 554 534 in
589 502 736 535 terram
776 509 859 536 esse
898 510 1110 549 egressum,
1145 504 1192 536 ut
1225 497 1413 550 Pachyno
1452 511 1472 536 e

139 566 320 606 terrestri
366 566 564 619 praesidio
611 567 758 606 milites
807 567 1021 621 colligeret,
1071 581 1169 619 quos
1217 568 1257 606 in
1305 568 1471 607 navibus

139 635 357 676 collocaret.
430 637 546 686 Quod
580 645 686 677 certe
721 651 798 676 non
833 638 1001 686 fecisset,
1037 639 1068 676 si
1107 652 1223 677 suum
1262 652 1470 678 numerum

139 721 260 748 naves
279 708 473 748 haberent
488 724 497 757 ς
526 722 571 748 ca
591 716 652 748 cst
672 709 777 748 enim
798 709 900 747 ratio
921 710 1207 748 instructarum
1228 716 1471 749 ornatarum-

139 792 217 831 que
250 780 423 828 navium,
454 786 501 818 ut
535 793 612 819 non
643 779 761 819 modo
785 779 917 831 plures
952 780 1021 820 sed
1052 794 1100 820 ne
1129 780 1275 834 singuli
1309 780 1470 832 quidem

139 851 293 902 possint
311 850 506 890 accedere.
567 851 665 890 Dico
685 857 890 902 praeterea
909 850 997 891 illos
1017 852 1122 903 ipsos
1143 851 1313 903 reliquos
1330 858 1472 891 nautas
1493 871 1547 901 134

139 921 244 961 fame
280 928 401 973 atque
449 922 581 974 inopia
619 935 751 961 rerum
799 922 976 961 oninium
1024 923 1223 962 confectos
1260 923 1381 962 fuisse
1427 937 1471 962 ac

140 992 341 1044 perditos3
380 993 469 1032 dico
489 1000 560 1032 aut
590 1006 726 1032 omncs
747 999 861 1032 extra
892 993 1048 1045 culpam
1072 994 1203 1041 fuisse,
1225 1000 1305 1042 aut,
1339 994 1371 1033 si
1402 994 1471 1032 uni

138 1063 396 1103 attribuenda
417 1063 531 1116 culpa
562 1064 624 1111 sit,
648 1064 688 1102 in
716 1077 760 1103 eo
781 1064 996 1103 maximam
1027 1064 1158 1112 fuisse,
1181 1065 1249 1116 qui
1280 1065 1470 1117 optimam

141 1147 294 1182 navem,
329 1133 521 1186 plurimos
553 1140 694 1173 nautas
726 1134 900 1181 haberet,
936 1148 1135 1173 summum
1169 1135 1379 1187 imperium
1409 1135 1472 1174 ob-

141 1205 298 1253 tineret,
333 1211 414 1253 aut,
455 1205 487 1244 si
526 1218 661 1244 omnes
700 1205 741 1243 in
780 1204 894 1257 culpa
932 1205 1093 1254 fuerint,
1134 1219 1213 1245 non
1251 1206 1472 1258 oportuisse

140 1275 395 1316 Cleomenem
433 1276 623 1315 constitui
666 1281 931 1327 spectatorem
969 1276 1127 1315 illorum
1166 1277 1306 1315 mortis
1352 1282 1473 1327 atque

141 1348 348 1387 cruciatus
420 1348 519 1387 Dico
554 1347 675 1387 etiam
704 1347 745 1386 in
776 1347 862 1399 ipso
892 1347 1085 1399 supplicio
1114 1347 1335 1388 mercedem
1366 1348 1474 1387 lacri-

141 1431 306 1466 marum,
329 1418 550 1458 mercedem
571 1417 743 1457 volneris
762 1424 884 1469 atquc
908 1417 1059 1471 plagae,
1082 1418 1302 1458 mercedem
1323 1419 1473 1458 funeris
1494 1466 1506 1485 Ι
1536 1465 1549 1472 -

141 1503 186 1529 ac
214 1488 442 1541 sepulturae
471 1489 660 1528 constitui
691 1489 801 1528 nefas
830 1489 960 1527 fuisse.
1034 1488 1285 1540 Quapropter
1313 1489 1345 1528 si
1375 1489 1472 1528 mihi
1511 1465 1550 1494 3³

142 1559 381 1612 respondere
416 1559 534 1607 voles,
571 1559 666 1599 haec
699 1559 845 1598 dicito:
889 1559 1051 1598 classem
1086 1560 1322 1599 instructam
1352 1567 1474 1612 atquc

142 1637 323 1670 ornatam
354 1630 486 1678 fuisse,
512 1630 666 1669 nullum
693 1643 862 1668 vacuum
890 1635 1062 1669 tractum
1091 1643 1175 1670 esse
1201 1644 1364 1678 remum,
1391 1644 1474 1670 rem

143 1701 445 1741 frumentariam
507 1713 590 1740 esse
643 1700 966 1752 suppedstatam,
1022 1701 1181 1740 mentiri
1243 1701 1472 1748 nauarchos,

143 1772 304 1812 mentiri
338 1778 400 1811 tot
432 1778 514 1811 tam
547 1785 688 1825 graves
722 1771 914 1819 civitates,
951 1772 1112 1810 mentiri
1147 1772 1268 1811 etiam
1301 1772 1474 1812 Siciliam

143 1850 295 1894 totam;
324 1843 528 1896 proditum
557 1857 641 1883 esse
661 1850 701 1883 te
724 1857 748 1882 a
776 1842 999 1891 Cleomene,
1022 1843 1091 1894 qui
1111 1856 1152 1883 se
1171 1843 1321 1883 dixerit
1349 1844 1477 1884 exisse

143 1916 185 1954 in
218 1922 376 1964 terram,
409 1921 456 1954 ut
488 1915 679 1967 Pachyno
711 1914 929 1954 deduceret
962 1914 1109 1954 milites
1124 1930 1134 1964 ;
1175 1915 1354 1954 animum
1386 1915 1475 1963 illis,

144 1998 224 2025 non
244 1986 375 2038 copias
405 1985 579 2025 defuisse
595 2001 604 2033 ;
646 1985 899 2025 Cleomenem
931 1985 1120 2024 acerrime
1149 1991 1395 2038 pugnantem
1427 1986 1478 2024 ab

144 2057 201 2096 eis
219 2056 403 2096 relictum
424 2069 507 2096 esse
526 2063 647 2108 atquc
677 2056 880 2095 desertum
896 2071 905 2105 3
934 2069 1142 2094 nummum
1162 2056 1213 2095 ob
1232 2055 1477 2108 sepulturam

144 2126 286 2165 datum
305 2126 465 2166 nemini.
525 2126 634 2174 Quae
655 2126 687 2164 si
711 2125 828 2174 dices,
851 2125 1062 2174 tenebere3
1095 2126 1156 2164 sin
1175 2125 1253 2164 alia
1280 2126 1398 2174 dices,
1421 2139 1476 2173 ea,

146 2210 248 2249 quae
266 2211 290 2236 a
309 2210 372 2237 me
391 2197 499 2236 dicta
518 2203 623 2245 sunt,
646 2210 725 2236 non
746 2197 950 2236 refutabis.

201 2267 279 2307 Hic
317 2275 362 2306 tu
409 2268 530 2306 etiam
576 2267 706 2307 dicere
745 2266 911 2306 audebis
961 2271 1043 2306 ‘est
1090 2267 1129 2305 in
1178 2267 1374 2306 iudicibus
1412 2266 1479 2307 ille
1498 2269 1550 2308 52

147 2338 353 2378 familiaris
373 2351 495 2386 meuS,
517 2344 579 2378 est
597 2344 786 2390 paternus
806 2337 955 2376 amicus
976 2337 1065 2376 ille.'
1122 2336 1159 2375 N
1163 2351 1225 2385 on,
1243 2343 1290 2376 ut
1309 2337 1476 2389 quisque
1500 2347 1558 2386 136

146 2410 320 2449 maxime
342 2414 412 2456 est,
435 2409 595 2460 quicum
625 2409 697 2448 tibi
717 2408 868 2459 aliquid
899 2409 961 2456 sit,
984 2408 1040 2446 ita
1061 2415 1099 2447 te
1119 2408 1160 2446 in
1180 2407 1341 2448 huiusce
1371 2408 1476 2447 modi
