1674 2729
96 192 206 240 7.]6]
257 194 324 229 ΙΝ
347 193 535 229 GAIUM
566 192 797 228 VERREM
819 194 1126 229 SECUNDAE
1152 196 1251 230 LIB.
1280 197 1314 231 1‘.
1407 207 1424 238 7

94 298 333 352 supplicium
366 297 659 346 damnatorum,
696 304 847 337 metum
886 305 1118 347 ceterorum,
1155 300 1350 339 cruciatus
1388 308 1429 340 et

94 372 221 410 crux?
249 369 355 409 hisce
375 369 558 408 omnibus
579 368 781 421 suppliciis
810 377 905 408 sunt
924 369 1092 408 liberati.
1153 371 1249 419 Quis
1269 370 1429 410 dubitet

93 440 191 494 quin
219 453 425 480 servorum
453 440 606 479 animos
636 453 790 478 summa
819 440 1031 480 formidine
1061 441 1310 493 oppresserit,
1339 455 1426 481 curn

93 511 279 552 viderent
297 524 344 551 ea
362 510 554 550 facilitate
583 518 818 563 praetorem,
840 518 886 550 ut
904 511 954 550 ab
975 525 1020 551 eo
1040 525 1244 551 servorum
1273 512 1429 552 sceleris

93 582 457 634 coniurationisque
476 581 756 621 damnat-orum
783 582 867 622 vita
897 582 959 622 vel
988 583 1072 635 ipso
1101 583 1281 623 carnifice
1311 583 1429 623 inter-

93 655 236 694 nuntio
255 653 548 694 redimeretur?

147 724 283 774 Quid?
311 725 384 764 hoc
406 725 445 763 in
466 724 740 777 Apolloniensi
761 724 1028 774 Aristodamo,
1051 725 1176 776 quid?
1206 726 1246 764 in
1276 725 1427 765 Leonte

94 795 359 836 Imacharensi
381 809 458 836 non
475 796 580 836 idem
601 796 758 836 fecisti?
778 796 874 847 quid
891 799 904 836 ‘l
933 797 1007 836 iste
1023 804 1154 836 motus
1174 797 1426 836 servitiorum

92 867 265 920 bellique
279 867 412 907 subita
427 868 597 920 suspicio
612 873 748 906 utrum
769 868 842 907 tibi
859 867 1020 907 tandem
1036 868 1285 921 diligentiam
1301 875 1427 908 custo-

92 939 261 979 diendae
276 940 502 992 provinciae
514 953 565 978 an
579 952 722 978 novam
736 939 931 979 rationem
944 940 1225 992 improbissimi
1239 947 1426 992 quaestus

91 1010 260 1051 attulit?
306 1010 558 1064 Halicyensis
579 1011 833 1059 Eumenidae,
853 1011 995 1050 nobilis
1016 1011 1186 1051 hominis
1203 1019 1243 1052 et
1257 1012 1424 1060 honesti,

93 1095 259 1136 magnae
278 1082 468 1134 pecuniae
483 1081 622 1121 vilicus
643 1095 731 1121 cum
752 1081 926 1134 impulsu
947 1089 1017 1121 tuo
1037 1082 1289 1122 insimulatus
1310 1089 1424 1131 esset,

91 1153 321 1194 sestertium
350 1153 423 1193 LX
453 1153 561 1192 milia
581 1167 604 1192 a
623 1153 786 1192 domino
814 1154 998 1206 accepisti
1014 1169 1024 1203 3
1053 1154 1160 1205 quod
1190 1168 1316 1206 nuper
1343 1155 1427 1206 ipsc

92 1225 246 1264 iuratus
264 1223 402 1264 docuit
422 1238 540 1276 quem
569 1224 619 1263 ad
650 1224 812 1263 modum
840 1230 999 1277 gestum
1028 1231 1140 1264 esset.
1200 1225 1265 1264 Ab
1294 1226 1428 1277 equite

92 1295 272 1335 Romano
301 1295 343 1336 C.
376 1295 569 1334 Matrinio
598 1295 773 1343 absente,
805 1309 894 1334 cum
928 1296 960 1334 is
991 1302 1095 1335 esset
1129 1296 1288 1344 Romae,
1319 1295 1426 1347 quod

91 1366 176 1406 eius
195 1365 332 1405 vilicos
360 1372 617 1418 pastoresque
638 1366 711 1404 tibi
738 1366 779 1404 in
799 1366 1061 1418 suspicionem
1082 1366 1235 1406 venisse
1255 1366 1424 1415 dixeras,

91 1436 319 1476 sestertium
349 1436 421 1476 DC
450 1437 560 1475 milia
587 1436 799 1476 abstulisti.
859 1437 975 1476 Dixit
995 1437 1068 1476 hoc
1098 1437 1140 1476 L.
1162 1437 1335 1485 Flavius,
1358 1438 1425 1488 qui

91 1507 166 1547 tibi
186 1520 272 1547 eam
291 1508 500 1560 pecuniam
520 1508 756 1555 numeravit,
779 1513 1012 1560 procurator
1032 1507 1073 1548 C.
1097 1508 1278 1547 Matrinii
1293 1523 1303 1557 ,·
1323 1507 1428 1546 dixit

91 1578 175 1631 ipse
204 1578 419 1618 Matrinius
434 1594 443 1627 ;
476 1578 574 1617 dicit
594 1579 655 1617 vir
683 1578 921 1617 clarissimus
950 1578 1021 1618 Cn.
1053 1579 1248 1618 Lentulus
1277 1592 1424 1626 censor,

92 1649 159 1701 qui
194 1649 376 1688 Matrinii
409 1649 569 1689 honoris
600 1662 716 1688 causa
746 1649 895 1688 recenti
927 1650 1088 1703 negotio
1118 1649 1169 1688 ad
1203 1655 1242 1689 te
1273 1648 1426 1689 litteras

92 1719 202 1759 misit
221 1719 518 1772 mittendasque
539 1720 704 1758 curavit.

147 1790 283 1840 Quid?
323 1790 374 1830 de
411 1790 637 1844 Apollonio,
678 1790 827 1830 Dioclis
866 1789 957 1838 filio,
999 1790 1323 1839 Panhormitano,
1364 1790 1426 1829 cui

93 1861 264 1901 Gemino
292 1874 511 1915 cognomen
540 1867 611 1910 est,
642 1861 850 1913 praeteriri
879 1863 1042 1913 potest?
1071 1860 1211 1912 ecquid
1241 1860 1313 1900 hoc
1342 1867 1428 1900 tota

93 1930 228 1971 Sicilia
247 1930 400 1980 clarius,
424 1931 564 1983 ecquid
584 1931 798 1984 indignius,
822 1931 963 1983 ecquid
992 1931 1240 1971 manifestius
1260 1931 1428 1984 proferri

94 2004 257 2054 potest?
293 2015 423 2054 quem,
456 2008 503 2041 ut
533 2002 805 2041 Panhormum
836 2003 958 2051 venit,
990 2001 1041 2041 ad
1075 2016 1116 2041 se
1146 2002 1278 2041 vocari
1309 2008 1350 2041 et
1378 2001 1428 2041 de

94 2073 286 2112 tribunali
325 2073 438 2113 citari
473 2073 589 2113 iussit
617 2087 809 2113 conclusu
838 2087 982 2127 magno
1010 2073 1313 2125 frequentiaque
1342 2086 1429 2112 con-

95 2150 251 2185 ventus.
302 2144 496 2185 Homines
517 2145 654 2184 statim
670 2145 802 2197 loqui:
835 2151 843 2167 ‘
857 2145 1038 2194 mirabar,
1057 2144 1163 2196 quod
1179 2143 1426 2196 Apollonius,

95 2215 215 2255 homo
260 2216 506 2268 pecuniosus,
557 2222 640 2255 tam
687 2216 758 2255 diu
803 2217 854 2255 ab
900 2217 978 2255 isto
1025 2222 1204 2255 maneret
1250 2215 1427 2268 integer:

51 2306 55 2315 =
97 2286 343 2340 excogitavit
388 2287 519 2327 nescio
565 2287 673 2339 quid,
720 2287 859 2326 attulit
873 2303 883 2336 3
929 2287 1107 2340 profecto
1154 2286 1271 2325 homo
1317 2285 1428 2325 dives

98 2363 262 2410 repente
307 2372 331 2396 a
374 2357 499 2397 Verre
546 2371 625 2397 non
664 2358 748 2397 sine
787 2371 903 2396 causa
941 2356 1111 2396 citatur.'
1174 2355 1430 2408 Exspectatio

99 2441 253 2468 summa
275 2428 490 2476 hominum,
513 2428 702 2479 quidnam
724 2428 763 2467 id
786 2435 898 2475 esset,
921 2442 1008 2466 cum
1031 2427 1277 2466 exanimatus
1298 2426 1430 2465 subito

1449 818 1484 848 15

1448 1801 1485 1830 16
