1674 2729
106 205 238 255 2256]
283 209 350 244 IN
372 208 560 245 GAIUM
591 209 820 245 VERREM
844 209 1146 246 SECUNDAE
1172 212 1276 246 LIB.
1306 211 1341 247 1'.
1394 220 1438 256 23

106 313 205 353 item
232 319 281 353 ut
307 314 448 354 ceteris
477 314 721 366 imperarant
754 315 1039 366 pecuniamque
1075 329 1122 354 cx
1157 324 1317 354 senatus
1351 329 1435 354 con-

106 382 213 424 sulto
233 388 275 423 et
293 396 343 423 ex
366 383 452 436 lege
478 383 754 433 dissolverant,
778 384 839 424 his
864 384 953 425 dico
980 399 1058 425 nou
1086 391 1190 425 recte
1217 386 1434 425 remissum.

106 452 161 494 Et
191 459 240 494 ut
271 453 345 494 hoc
378 453 624 503 beneficium,
660 468 778 506 quem
816 455 866 494 ad
906 455 1068 495 niodum
1101 455 1259 504 dicitur,
1297 455 1436 494 trabali

106 524 219 566 clavo
237 525 388 580 figeret,
411 539 500 565 cum
520 526 683 566 consilio
707 540 864 566 causam
885 527 1218 567 Mamertinorum
1238 527 1439 581 cognoscit

107 601 150 637 et
185 595 236 636 de
273 596 426 636 consilii
463 597 663 636 sententia
705 598 957 637 Mamertinis
996 612 1037 638 se
1076 599 1321 638 frumentum
1360 611 1437 637 non

106 666 302 721 imperare
330 668 575 720 pronuntiat.
646 668 797 708 Audite
831 669 1037 709 decretum
1072 669 1301 709 mercenarii
1333 682 1439 721 prae-
1457 675 1496 706 54

108 739 206 779 toris
235 752 286 779 ex
312 739 437 792 ipsius
466 740 750 779 commentario
779 746 821 780 ct
849 741 1084 794 cognoscite,
1107 747 1257 793 quanta
1282 741 1323 779 in
1350 740 1439 779 scri-

107 809 240 850 bendo
258 810 446 864 gravitas,
468 817 619 863 quanta
645 811 686 850 in
713 812 993 852 constituendo
1019 813 1103 851 iure
1131 813 1184 851 sit
1209 812 1435 851 auctoritas.

108 881 249 922 Recita
277 882 686 922 commentarium.—‘
699 882 747 922 D.
777 882 820 923 C.
850 883 888 923 S.
921 882 1112 923 libenter’
1141 884 1199 922 ait
1227 896 1267 922 se
1296 883 1435 930 facere,

107 951 244 1005 itaque
276 953 496 1005 perscribit.
556 952 690 1002 Quid'e
746 954 788 993 Si
823 953 896 993 hoc
929 955 1050 994 verbo
1083 968 1160 994 non
1195 968 1298 994 esses
1332 967 1437 1001 usus,

111 1023 305 1064 ‘libenter
317 1023 336 1072 ',
359 1037 429 1063 nos
449 1023 636 1063 videlicet
655 1024 827 1063 invitum
848 1030 888 1064 te
908 1030 1117 1076 quaestum
1139 1025 1265 1064 facere
1286 1030 1439 1077 putare-

110 1096 230 1135 mus‘l
298 1094 358 1134 Ac
399 1094 472 1134 ‘de
510 1094 662 1134 consilii
700 1094 924 1134 sententia)
994 1095 1245 1134 Praeclarum
1284 1095 1439 1134 recitari

109 1166 328 1215 consilium,
358 1166 519 1215 iudices,
550 1166 727 1206 audistis.
787 1166 938 1206 Utrum
971 1167 1083 1206 vobis
1117 1166 1324 1206 consilium
1358 1172 1440 1205 tan-

108 1237 201 1278 dem
229 1238 423 1291 praetoris
451 1238 609 1278 recitari
638 1238 860 1286 videbatur,
893 1252 982 1278 cum
1010 1238 1233 1278 audiebatis
1267 1238 1437 1285 nomina,

109 1323 161 1348 an
189 1308 400 1362 praedonis
428 1309 710 1361 improbissimi
740 1309 906 1348 societas
934 1315 1055 1360 atque
1085 1309 1324 1349 comitatus?
1380 1308 1439 1347 Eu
1459 1315 1496 1346 53

110 1379 317 1420 foederum
353 1380 604 1432 interpretes,
645 1380 844 1419 societatis
883 1385 1073 1432 pactores,
1114 1379 1316 1433 religionis
1354 1392 1439 1418 auc-

111 1455 241 1492 tores!
307 1451 526 1503 Nunquam
554 1451 596 1490 in
625 1451 759 1491 Sicilia
788 1451 1034 1491 frumentum
1064 1451 1219 1504 publice
1249 1457 1310 1490 est
1338 1464 1440 1502 emp-

112 1529 210 1572 tum,
249 1523 346 1575 quin
393 1523 645 1562 Mamertinis
692 1536 763 1574 pro
805 1523 988 1575 portione
1034 1523 1307 1575 imperaretur,
1348 1528 1441 1560 ante

111 1607 232 1646 quam
265 1593 338 1634 hoc
371 1593 570 1634 delectum
603 1593 928 1646 praeclarumque
962 1594 1169 1633 consilium
1206 1593 1281 1633 iste
1315 1592 1437 1640 dedit,

111 1672 160 1705 ut
186 1666 237 1705 ab
265 1665 326 1705 his
355 1679 538 1705 nummos
567 1665 763 1717 acciperet
790 1679 834 1704 ac
863 1666 924 1704 sui
953 1665 1092 1705 similis
1126 1671 1239 1704 esset.
1299 1663 1440 1715 Itaque

113 1742 272 1776 tantum
304 1736 433 1776 valuit
470 1736 586 1775 istius
623 1736 773 1775 decreti
810 1736 1037 1784 auctoritas,
1073 1741 1268 1787 quantum
1301 1734 1442 1774 debuit

112 1807 198 1848 eius
225 1807 408 1856 hominis,
439 1807 518 1859 qui,
549 1821 572 1846 a
605 1807 749 1858 quibus
783 1807 1030 1846 frumentum
1064 1820 1192 1846 emere
1226 1805 1438 1853 debuisset,

113 1879 170 1920 eis
201 1878 407 1919 decretum
439 1877 696 1918 vendidisset.
769 1877 874 1917 Nam
912 1878 1049 1917 statim
1082 1878 1124 1917 L.
1162 1876 1360 1925 Metellus,
1396 1883 1443 1915 ut

112 1949 181 1990 isti
209 1949 407 1997 successit,
437 1963 488 1989 ex
513 1948 556 1989 C.
586 1948 811 1988 Sacerdotis
840 1954 881 1988 et
909 1962 959 1988 ex
988 1949 1077 1988 Sex.
1110 1947 1306 1987 Peducaei
1334 1947 1443 1986 iusti-

114 2025 205 2061 tuto
237 2034 282 2060 ac
314 2019 461 2060 litteris
491 2020 739 2059 frumentum
773 2020 1023 2059 Mamertinis
1056 2019 1277 2071 imperavit.
1340 2018 1442 2057 Tum

113 2092 173 2132 illi
205 2091 493 2132 intellexerunt
530 2105 570 2131 se
608 2091 660 2139 id,
697 2091 804 2144 quod
842 2105 865 2130 a
903 2091 1007 2130 malo
1044 2097 1203 2130 auctore
1243 2090 1439 2136 emissent,

113 2163 267 2203 diutius
287 2163 467 2203 obtinere
487 2176 567 2202 non
586 2176 709 2215 posse.

170 2234 258 2288 Age
281 2247 409 2287 porro,
432 2240 488 2282 tu,
511 2234 579 2285 qui
607 2240 688 2272 tam
716 2232 944 2287 religiosum
971 2232 1189 2272 existimari
1217 2238 1255 2271 te
1282 2230 1441 2271 voluisti
1463 2230 1514 2270 22

116 2303 377 2357 interpretem
396 2304 614 2351 foederum,
637 2317 706 2342 cur
731 2303 1077 2343 Tauromenitanis
1097 2303 1353 2350 frumentum,
1376 2315 1445 2340 cur
1464 2306 1502 2345 56

117 2375 278 2416 Netinis
310 2375 544 2428 imperasti‘l
591 2387 760 2426 quarum
799 2375 1008 2414 civitatum
1040 2379 1209 2425 utraque
1243 2372 1445 2412 foederata

118 2453 188 2488 est.
249 2449 308 2487 Ac
334 2446 474 2487 Netini
502 2446 663 2498 quidem
690 2447 764 2486 sibi
794 2460 870 2486 non
897 2446 1113 2486 defuerunt
1139 2460 1193 2493 ac,
1222 2443 1338 2484 simul
1362 2458 1445 2496 pro-
