1700 2729
258 239 304 282 36
556 239 612 272 M.
646 239 683 272 T.
714 238 1005 273 CICERONIS
1028 238 1293 274 ACTJONJS
1461 237 1590 284 [3285

187 350 224 387 85
258 356 338 382 non
358 343 613 382 existimavit.
674 342 776 382 Vide
797 342 894 394 quid
923 343 1081 382 intersit
1110 344 1214 383 inter
1244 350 1354 382 tuam
1383 343 1589 383 libidinem

257 413 530 465 maiorumque
556 413 847 461 auctoritatem,
871 413 976 452 inter
1004 427 1179 453 amorem
1200 414 1454 466 furoremque
1474 419 1590 462 tuum

258 490 299 524 et
317 484 475 524 illorum
496 484 703 523 consilium
723 490 843 535 atque
864 484 1129 535 prudentiam.
1190 485 1253 524 Illi
1277 485 1433 524 aditum
1462 484 1590 524 litoris

257 555 516 607 Syracusanis
545 555 803 594 ademerunt:
844 562 889 593 tu
918 556 1130 607 imperium
1164 556 1410 594 maritimum
1439 568 1591 594 conces-

257 626 344 666 sisti
358 641 368 675 ,-
410 626 468 664 illi
507 625 686 664 habitare
724 625 766 663 in
804 638 850 664 co
888 625 973 665 loco
1012 626 1317 678 Syracusanum,
1354 639 1431 678 qua
1469 639 1590 665 naves

256 696 441 735 accedere
474 701 646 748 possent,
684 695 922 734 noluerunt:
967 701 1012 734 tu
1047 695 1159 734 classi
1194 702 1234 734 et
1268 696 1435 734 navibus
1474 696 1590 748 Syra—

257 781 446 807 cusanum
479 779 659 818 praeesse
689 765 852 805 voluisti
867 781 877 815 ,-
911 766 1055 817 quibus
1085 766 1141 804 illi
1171 767 1281 805 urbis
1311 780 1403 805 suae
1433 772 1589 818 partem

255 839 502 886 ademerunt,
526 837 581 876 eis
601 843 646 876 tu
667 837 792 876 nostri
812 837 969 889 imperii
988 843 1143 889 partem
1164 837 1322 885 dedisti,
1345 844 1396 885 et,
1419 850 1588 888 quorum

255 910 450 949 sociorum
470 922 590 960 opera
619 908 858 960 Syracusani
888 908 1001 947 nobis
1022 908 1129 947 dicto
1157 908 1366 948 audientes
1396 913 1500 956 sunt,
1523 921 1589 948 eos

255 981 504 1033 Syracusano
524 979 632 1018 dicto
651 978 860 1018 audientes
882 992 964 1018 esse
983 979 1143 1018 iussisti.
1237 969 1240 973 ⁴

183 1053 236 1092 33
308 1051 525 1104 Egreditur
543 1050 585 1088 in
606 1049 868 1101 Centiffipina
889 1049 1131 1101 quadriremi
1152 1048 1383 1089 Cleomenes
1404 1063 1425 1089 e
1444 1055 1589 1102 portu,

197 1127 235 1156 86
254 1122 434 1173 sequitur
463 1121 681 1174 Segestana
710 1121 834 1169 navis,
866 1120 1153 1172 Tyndaritana,
1181 1120 1442 1168 Herbitensis,
1466 1120 1589 1160 Hera-

253 1193 419 1240 cliensis,
469 1191 775 1244 Apolloniensis,
826 1191 1060 1239 Haluntina,
1111 1191 1311 1243 praeclara
1362 1191 1495 1230 classis
1546 1191 1588 1229 in

253 1264 433 1316 speciem,
469 1262 539 1302 sed
576 1263 691 1314 inops
726 1268 767 1301 et
798 1263 955 1301 infirma
993 1268 1156 1315 propter
1193 1262 1464 1301 dimissionem
1502 1275 1588 1314 pro-

252 1341 522 1389 pugnatorum
558 1340 679 1385 atque
717 1334 923 1387 remigum.
997 1334 1095 1372 Tam
1129 1333 1199 1372 diu
1233 1334 1274 1372 in
1312 1334 1478 1385 imperio
1516 1347 1588 1373 suo

253 1407 415 1446 classem
448 1406 523 1445 iste
557 1411 717 1457 praetor
750 1404 919 1457 diligens
953 1404 1066 1452 w'dit,
1104 1417 1223 1455 quam
1256 1404 1326 1443 diu
1360 1404 1587 1443 convivium

253 1478 337 1517 eius
375 1476 729 1529 flagitiosissimum
767 1480 1041 1527 praetervecta
1079 1481 1139 1514 est
1153 1491 1163 1524 ,-
1210 1475 1294 1527 ipse
1331 1480 1477 1523 autem,
1518 1475 1587 1526 qui

253 1548 361 1587 visus
380 1547 517 1586 multis
537 1546 678 1585 diebus
698 1559 778 1585 non
799 1552 912 1593 esset,
936 1551 1024 1584 tum
1044 1559 1085 1584 se
1106 1552 1240 1584 tamen
1266 1545 1308 1583 in
1332 1550 1586 1597 conspectum

253 1618 386 1657 nautis
423 1617 639 1670 paullisper
677 1616 800 1656 dedit.
873 1616 1000 1656 Stetit
1037 1616 1211 1655 soleatus
1251 1621 1412 1668 praetor
1449 1615 1586 1668 populi

252 1689 423 1728 Romani
452 1702 541 1727 cum
570 1687 690 1740 pallio
723 1701 923 1739 purpureo
953 1687 1167 1738 tunicaque
1197 1686 1324 1735 talari,
1355 1686 1587 1726 muliercula

253 1760 382 1808 nixus,
417 1759 459 1797 in
493 1758 619 1797 litore.
680 1757 765 1796 Iam
798 1757 872 1796 hoc
905 1758 1027 1796 istum
1062 1757 1213 1796 vestitu
1246 1757 1368 1796 Siculi
1403 1758 1586 1809 civesque

196 1842 234 1877 87
253 1830 423 1869 Romani
456 1828 645 1881 permulti
679 1841 794 1879 saepe
824 1828 1020 1867 viderant.
1079 1827 1225 1867 Postea
1259 1841 1379 1879 quam
1406 1828 1586 1880 paullum

252 1906 440 1953 provecta
478 1899 611 1938 classis
656 1904 717 1937 est
760 1905 802 1937 et
839 1899 1074 1951 Pachynum
1120 1899 1262 1949 quinto
1305 1898 1370 1938 die
1413 1899 1607 1951 denique-

251 1970 429 2023 adpulsa,
461 1975 606 2008 nautae
636 1968 760 2007 coacti
789 1968 894 2007 fame
923 1968 1074 2007 radices
1103 1967 1326 2020 palmarum
1353 1969 1583 2020 agrestium,

252 2055 421 2094 quarum
452 2046 538 2080 erat
567 2040 609 2078 in
639 2039 716 2078 illis
747 2039 852 2087 locis,
879 2039 995 2078 sicuti
1026 2039 1068 2077 in
1098 2052 1242 2092 magna
1271 2045 1386 2091 parte
1416 2039 1583 2088 Siciliae,

252 2111 482 2159 multitudo,
516 2110 756 2163 colligebant
786 2116 827 2149 et
857 2110 912 2149 eis
942 2110 1076 2149 miseri
1108 2109 1334 2162 perditique
1364 2109 1583 2149 alebantur.

253 2183 485 2223 Cleomenes
505 2188 651 2230 autem,
675 2181 743 2232 qui
771 2181 942 2220 alterum
971 2195 1012 2220 se
1041 2180 1208 2220 Verrem
1237 2194 1326 2220 cum
1354 2181 1514 2220 luxuria
1541 2195 1586 2220 ac

254 2253 442 2305 nequitia,
465 2258 553 2291 tum
573 2253 694 2291 etiam
713 2252 879 2303 imperio
908 2258 1079 2303 putaret,
1102 2251 1286 2290 similiter
1305 2256 1411 2290 totos
1430 2251 1515 2291 dies
1543 2252 1586 2290 in

182 2330 235 2369 34
253 2325 370 2363 litore
390 2322 646 2362 tabernaculo
665 2323 795 2374 posito
821 2323 1067 2374 perpotabat.
1127 2322 1227 2361 Ecce
1255 2328 1390 2361 autem
1409 2328 1583 2374 repente,

255 2396 364 2435 ebrio
393 2395 616 2441 Cleomene,
648 2394 914 2433 esurientibus
943 2394 1094 2441 ceteris,
1126 2393 1336 2432 nuntiatur
1365 2394 1585 2445 piratarum

255 2479 338 2505 esse
359 2478 480 2504 naves
499 2464 540 2502 in
561 2470 680 2516 portu
700 2463 1050 2516 Odysseae—nam
1074 2463 1131 2502 ita
1160 2463 1192 2502 is
1221 2463 1329 2502 locus
1357 2464 1587 2502 nominatur
