1700 2729
238 199 277 230 14
531 189 587 222 M.
622 189 660 223 T.
691 189 981 224 CICERONIS
1004 189 1270 224 ACTJONJS
1434 188 1566 235 [1332

233 292 406 331 effecisse
434 291 582 331 dicitur
602 293 749 340 turbas,
781 306 870 331 cum
899 293 1062 346 indigne
1091 300 1297 345 pateretur
1325 306 1427 332 uxor
1455 292 1566 332 Cleo-

232 362 358 401 menis
379 363 628 415 Syracusani,
652 363 794 402 nobilis
814 363 966 412 mulier,
984 364 1160 415 itemque
1180 377 1283 403 uxor
1297 363 1563 411 Aeschrionis,

232 433 399 473 honesto
428 433 513 474 loco
543 440 647 482 nata,
670 435 711 473 in
732 441 973 474 conventum
993 448 1110 474 suum
1138 435 1249 473 mimi
1270 433 1414 473 Isidori
1443 433 1564 473 filiam

231 505 395 545 venisse.
456 506 537 544 Iste
566 512 701 544 autem
731 505 945 554 Hannibal,
969 506 1037 557 qui
1066 506 1107 544 in
1137 506 1217 544 suis
1247 506 1385 544 castris
1413 505 1565 545 virtute

231 582 393 627 putaret
430 583 624 627 oportere,
665 589 744 615 non
782 590 927 629 genere
965 577 1117 624 certari,
1158 577 1212 615 sic
1250 577 1350 616 hanc
1388 576 1566 616 Tertiam

163 645 213 683 13
231 645 384 693 dilexit,
407 652 454 684 ut
473 660 560 685 eam
580 660 712 685 secum
734 660 783 686 ex
803 648 1006 699 provincia
1026 647 1266 700 deportaret.
1325 648 1385 686 Ac
1409 661 1480 699 per
1499 660 1565 687 eos

230 716 326 764 dies,
353 730 442 755 cum
476 717 551 756 iste
586 731 676 756 cum
705 717 825 769 pallio
858 731 1060 770 purpmeo
1089 718 1285 770 talarique
1314 718 1449 757 tunica
1481 731 1566 758 ver—

231 793 387 826 saretur
401 788 443 826 in
463 789 655 827 conviviis
675 788 946 837 muliebribus,
965 803 1045 828 non
1066 789 1371 828 offendebantur
1385 789 1565 829 homines

232 871 359 909 neque
379 858 545 897 moleste
566 859 749 898 ferebant
768 859 904 898 abesse
924 873 947 898 a
966 859 1053 899 foro
1082 860 1372 913 magistratum,
1395 873 1475 899 non
1502 860 1564 899 ius

231 929 320 977 dici,
343 943 422 968 non
442 929 588 968 iudicia
612 930 707 977 fieri,
730 930 861 969 locum
881 930 995 969 illum
1024 930 1152 970 litoris
1172 944 1404 983 percrepare
1433 936 1565 970 totum

231 1001 443 1040 mulierum
473 1002 635 1040 vocibus
655 1007 853 1053 cantuque
883 1002 1155 1054 symphoniae,
1178 1003 1219 1041 in
1245 1003 1332 1041 foro
1360 1002 1565 1041 silentium

231 1085 315 1111 esse
335 1086 534 1111 summum
556 1086 763 1112 causarum
782 1079 903 1124 atque
923 1073 1020 1112 iuris
1037 1089 1043 1112 :
1074 1087 1154 1113 11011
1174 1073 1357 1113 ferebant
1384 1073 1565 1113 homines

231 1142 396 1181 moleste
410 1159 420 1192 ,-
447 1157 527 1182 11011
544 1143 649 1182 enim
664 1144 725 1182 ius
741 1143 877 1183 abesse
892 1143 1106 1183 videbatiu'
1120 1158 1143 1182 a
1158 1144 1244 1183 foro
1261 1157 1389 1195 neque
1404 1143 1561 1192 iudicia,

231 1213 300 1252 sed
320 1214 380 1252 vis
401 1220 441 1253 et
461 1214 674 1253 crudelitas
695 1222 735 1254 et
754 1215 950 1254 bonorum
970 1215 1109 1254 acerba
1130 1222 1170 1254 et
1189 1215 1355 1268 indigna
1377 1214 1560 1267 direptio.

176 1303 212 1329 52
285 1284 405 1323 Hunc
439 1291 484 1324 tu
518 1285 644 1338 igitur
675 1286 957 1337 imperatorem
991 1299 1075 1325 esse
1113 1285 1306 1334 defendis,
1343 1272 1564 1325 Hortensi?

230 1355 348 1393 huius
368 1355 487 1403 furta,
516 1356 685 1407 rapinas,
719 1356 990 1408 cupiditatem,
1013 1356 1302 1403 crudelitatem,
1324 1356 1561 1407 superbiam,

231 1425 366 1473 scelus,
402 1426 608 1465 audaciam
637 1440 770 1465 rerum
798 1434 1004 1480 gestarum
1036 1427 1313 1480 magnitudine
1346 1433 1467 1478 atque
1495 1426 1564 1465 im-

230 1498 438 1549 peratoriis
467 1498 652 1537 laudibus
677 1504 812 1551 tegere
841 1498 1023 1538 conaris'.Z
1065 1498 1142 1537 Hic
1172 1498 1322 1537 scilicet
1350 1504 1412 1537 est
1438 1504 1564 1537 metu-

230 1568 388 1616 endum,
411 1582 461 1608 ne
480 1569 531 1608 ad
552 1569 706 1608 exitum
726 1569 968 1609 defensionis
989 1575 1081 1609 tuae
1102 1575 1217 1609 vetus
1237 1569 1305 1608 illa
1333 1569 1564 1609 Antoniana

230 1640 388 1679 dicendi
434 1640 536 1679 ratio
575 1647 695 1691 atque
734 1640 950 1679 auctorit-as
992 1641 1229 1692 proferatur,
1270 1654 1320 1679 ne
1367 1640 1565 1680 excitetur

230 1710 385 1758 Verres,
427 1724 476 1750 ne
523 1710 751 1750 denudetur
788 1725 811 1750 a
848 1718 1018 1763 pectore,
1059 1725 1109 1751 ne
1148 1711 1347 1750 cicatrices
1393 1711 1564 1763 populus

230 1782 433 1820 Romanus
466 1782 738 1833 aspiciat———ex
771 1782 984 1821 mulierum
1013 1796 1158 1830 morsu,
1189 1782 1360 1835 vestigia
1387 1781 1564 1821 libidinis

173 1873 211 1901 33
229 1858 350 1903 atque
397 1853 608 1904 nequitiae.
681 1853 735 1891 Di
773 1853 931 1901 faciant,
972 1859 1020 1891 ut
1056 1853 1113 1892 rei
1151 1852 1345 1900 militaris,
1385 1858 1433 1891 ut
1469 1852 1563 1891 belh·

229 1923 473 1962 mentionem
493 1923 621 1963 facere
649 1923 820 1963 audeas!
855 1930 1142 1977 cognoscentur
1162 1924 1267 1963 enim
1287 1923 1419 1963 omnia
1446 1923 1562 1962 istius

229 2008 320 2034 aera
348 1993 416 2032 illa
444 1999 591 2041 vetera,
614 1999 661 2032 ut
681 2007 760 2032 non
781 1993 909 2032 solum
938 1993 980 2031 in
1008 1993 1185 2045 imperio,
1208 2006 1348 2032 verum
1371 1993 1492 2032 etiam
1520 1993 1562 2031 in

230 2065 438 2117 stipendiis
476 2064 603 2116 qualis
641 2064 764 2103 fuerit
801 2064 1054 2117 intellegatis.
1127 2064 1402 2103 Renovabitur
1433 2064 1562 2116 prima

229 2135 296 2174 illa
325 2135 478 2182 militia,
502 2149 591 2173 cum
619 2135 695 2174 iste
717 2148 737 2174 e
760 2135 847 2174 foro
876 2135 1029 2182 abduci,
1053 2148 1142 2182 non,
1165 2140 1212 2173 ut
1234 2134 1318 2187 ipse
1345 2133 1559 2186 praedicat,

229 2207 392 2259 perduci
434 2206 596 2254 solebat,
637 2207 821 2246 aleatoris
860 2206 1082 2245 Placentini
1119 2212 1248 2245 castra
1285 2219 1562 2245 commemora-

229 2279 391 2327 buntur,
413 2278 455 2317 in
475 2278 619 2329 quibus
640 2291 729 2317 cum
749 2278 935 2329 frequens
955 2277 1107 2325 fuisset,
1131 2283 1265 2316 tamen
1284 2291 1374 2317 aere
1402 2277 1560 2316 dirutus

230 2355 314 2397 est3
356 2349 484 2387 multa
504 2349 588 2388 eius
617 2349 657 2387 in
687 2348 897 2400 stipendiis
925 2348 1071 2387 damna
1090 2349 1354 2400 proferentur,
1380 2361 1482 2400 quae
1509 2345 1576 2387 ab'

173 2442 211 2470 34
229 2420 306 2459 isto
326 2421 470 2460 aetatis
489 2421 625 2459 fructu
644 2420 837 2459 dissoluta
858 2428 897 2459 et
918 2426 1171 2472 compensata
1187 2426 1290 2459 sunt.
1350 2420 1437 2459 Iam
1451 2432 1556 2468 verO,
