1674 2729
125 227 284 275 41.106]
308 229 376 264 IN
399 229 588 266 GAJUM
618 230 847 265 VERREM
871 231 1175 266 SECUNI’AE
1202 233 1299 267 Lllff.
1329 233 1363 267 Γ.
1415 243 1459 276 43

124 334 319 386 praetoris
361 358 414 364 —
457 347 547 372 narn
594 334 635 372 id
679 334 838 385 quidem
887 341 990 374 esset
1034 335 1240 374 ferendum
1284 361 1346 383 —‚
1391 337 1458 375 sed

123 403 343 456 importuni
376 411 498 456 atque
530 405 699 443 amentis
734 406 919 457 tyranni:
959 406 1113 453 statuit,
1145 407 1176 444 si
1212 407 1283 445 hoc
1313 407 1459 445 crimen

123 474 332 514 extenuari
347 474 469 514 vellet
488 499 540 504 —
560 489 651 514 nam
672 476 833 515 omnino
854 476 939 515 tolli
960 490 1073 528 posse
1094 490 1171 515 non
1191 477 1461 516 arbitrabatur

124 569 177 575 —
195 545 415 585 nauarchos
435 559 582 594 omnes,
606 553 727 586 testes
748 547 807 585 sui
829 546 996 594 sceleris,
1020 548 1102 586 vita
1123 561 1207 587 esse
1233 548 1456 599 privandos.

124 615 368 656 Occurrebat
415 616 482 655 illa
529 617 654 656 ratio:
712 617 809 669 quid
857 617 1069 657 Cleomene
1117 620 1214 658 fiet?
1269 626 1458 670 poterone

122 687 441 727 animadvertere
485 688 524 726 in
569 702 645 735 008,
687 702 786 739 quos
824 689 932 728 dicto
973 689 1182 728 audientes
1225 703 1308 729 esse
1351 690 1456 737 iussi,

123 758 287 797 missum
313 759 441 798 facere
465 772 567 807 eum,
590 760 651 798 cui
682 766 922 811 potestatem
952 760 1241 812 imperiumque
1271 761 1460 812 permisil

122 835 313 881 poterone
333 843 400 869 eos
419 829 588 869 adficere
608 830 812 882 supplicio,
835 831 903 881 qui
933 830 1186 870 Cleomenem
1207 831 1330 870 secuti
1352 838 1456 880 sunt,

122 899 325 953 ignoscere
345 899 561 948 Cleomeni,
584 901 651 952 qui
672 914 804 940 seeum
825 901 962 953 fugere
983 908 1023 940 et
1043 914 1084 940 se
1104 902 1288 952 consequi
1316 902 1460 941 iussitl

122 977 314 1022 poterone
334 984 418 1010 esse
447 971 487 1009 in
509 984 574 1010 eos
594 971 817 1020 vehemens,
841 972 909 1023 qui
939 985 1059 1011 naves
1086 985 1164 1011 non
1185 972 1303 1011 modo
1323 973 1459 1012 inanes

123 1041 350 1081 habuerunt
378 1042 448 1081 sed
477 1043 598 1081 etiam
626 1049 795 1094 apertas,
825 1043 865 1081 in
895 1056 985 1082 eum
1005 1042 1233 1091 dissolutus,
1256 1044 1323 1094 qui
1354 1043 1460 1082 solus

123 1112 307 1152 habuerit
336 1119 579 1151 constratam
611 1127 753 1152 navem
783 1119 823 1152 et
851 1114 982 1152 minus
1017 1114 1290 1153 exinanitam?¹
1324 1121 1460 1166 pereat

122 1182 356 1223 Cleomenes
371 1197 450 1222 una
468 1187 474 1222 !
503 1184 572 1222 ubi
594 1184 722 1224 fides'l
750 1184 818 1223 ubi
840 1185 1159 1224 exsecrationes?
1187 1185 1255 1223 ubi
1271 1184 1459 1224 dexterae

122 1253 460 1307 complexusque?
496 1255 565 1293 ubi
595 1254 695 1294 illud
724 1255 1029 1294 contubernium
1062 1255 1266 1294 muliebris
1295 1255 1459 1294 militiae

121 1325 163 1364 in
183 1324 253 1364 illo
271 1325 556 1365 delicatissimo
575 1325 692 1365 litore
709 1328 722 1365 ’ἔ
777 1325 882 1364 Fieri
913 1326 1022 1365 nullo
1042 1326 1160 1365 modo
1184 1332 1342 1378 poterat
1362 1327 1459 1377 quin

122 1395 328 1436 Cleomeni
374 1402 613 1448 parceretur.
690 1396 819 1436 Vocat
865 1396 1141 1436 Cleomenem:
1189 1396 1288 1435 dicit
1335 1397 1370 1436 ei
1418 1411 1458 1436 se

121 1467 309 1506 statuisse
323 1467 642 1506 animadvertere
661 1467 703 1506 in
719 1481 854 1506 omnes
871 1467 1088 1506 nauarchos
1104 1483 1113 1515 ;
1137 1468 1193 1506 ita
1214 1467 1274 1506 sui
1294 1467 1457 1519 periculi

122 1537 296 1576 rationes
330 1537 433 1576 ferre
463 1551 507 1576 ac
538 1537 750 1589 postulare.
825 1537 935 1576 ‘Tibi
965 1538 1035 1576 uni
1066 1551 1223 1589 parcam
1255 1544 1295 1576 ct
1325 1538 1457 1589 potius

120 1608 237 1647 istius
293 1607 430 1660 culpae
488 1608 635 1647 crimen
691 1609 1107 1660 vituperationemque
1168 1608 1457 1647 inconstantiae

121 1678 332 1731 suscipiam
352 1692 472 1730 quam
500 1679 632 1717 autin
662 1685 701 1718 te
731 1679 805 1717 sim
835 1679 1005 1718 crudelis
1033 1685 1105 1717 aut
1124 1684 1288 1717 tottam
1317 1692 1458 1731 graves

120 1755 243 1788 testes
290 1749 402 1788 vivos
449 1749 745 1801 incolumesque
792 1762 875 1789 esse
927 1749 1079 1801 patiar.'
1164 1749 1263 1802 Agit
1309 1749 1457 1802 gratias

121 1819 365 1868 Cleomenes,
405 1819 602 1872 adprobat
640 1820 858 1868 consilium,
899 1820 997 1859 dicit
1034 1820 1091 1858 ita
1129 1820 1213 1859 ficri
1251 1826 1456 1871 oportere:

119 1890 310 1930 admonet
338 1896 472 1930 tamen
501 1890 613 1939 illud,
645 1891 752 1942 quod
786 1891 908 1930 istum
936 1891 1106 1944 fugerat,
1138 1891 1178 1928 in
1207 1890 1454 1938 Phalacrum,

121 1961 429 2014 Centuripinum
449 1961 703 2010 nauarchum,
723 1975 801 2001 non
822 1975 934 2014 posse
950 1961 1225 2009 animadverti,
1248 1967 1457 2013 propterea

120 2031 228 2084 quod
257 2045 390 2072 secum
419 2045 498 2071 una
527 2032 669 2071 fuisset
687 2033 729 2070 in
757 2031 1020 2084 Centuripina
1039 2031 1290 2083 quadriremi.
1351 2031 1455 2079 Quid

120 2105 244 2156 ergo'l
286 2103 361 2142 iste
399 2102 517 2141 homo
555 2116 605 2142 ex
643 2103 836 2142 eiusmodi
875 2103 1046 2150 civitate,
1082 2101 1311 2140 adulescens
1349 2101 1455 2139 nobi-

120 2172 304 2221 lissimus,
340 2173 454 2211 testis
488 2173 763 2225 relinquetur?
804 2173 872 2212 ‘In
906 2171 1153 2224 praesentia,'
1186 2172 1318 2222 inquit
1346 2171 1455 2210 Cleo-

122 2256 266 2291 meneS,
288 2243 491 2294 ‘quoniam
506 2244 563 2282 ita
579 2257 734 2284 necesse
751 2251 828 2293 est3
858 2243 925 2282 sed
947 2249 1036 2295 post
1051 2242 1203 2293 aliquid
1218 2241 1451 2289 videbimus,

122 2327 171 2353 ne
190 2313 266 2353 iste
287 2313 399 2352 nobis
419 2313 577 2353 obstare
596 2314 745 2366 possit.'

1482 638 1533 664 ¹04

1480 1415 1534 1444 105

176 2383 286 2423 Haec
313 2389 451 2435 postea
471 2397 590 2435 quam
619 2391 708 2423 acta
737 2391 778 2424 et
797 2385 1015 2423 constituta
1045 2389 1148 2430 sunt,
1171 2381 1350 2434 procedit
1378 2382 1453 2420 iste
1472 2387 1521 2425 41

121 2460 284 2506 repente
305 2467 325 2493 e
346 2455 555 2505 praetorio,
573 2455 841 2494 inflammatus
861 2454 1016 2501 scelere,
1039 2454 1181 2500 furore,
1201 2452 1434 2491 erudelitate
1445 2467 1453 2499 3
1475 2464 1529 2491 ιώ
