1674 2729
105 215 238 263 3490]
290 217 357 252 IN
379 216 568 252 GAJUM
597 215 825 250 VERREA!
849 216 1151 251 SECUNDAE
1178 217 1276 251 Lm.
1303 217 1338 251 1'.
1392 227 1434 261 37

105 337 178 369 -;
198 327 334 361 nostra.
352 327 487 360 autem
508 319 641 359 classis
661 327 747 359 erat
766 321 806 359 in
827 328 945 372 portu
968 320 1154 372 Pachyni.
1204 319 1435 360 Cleomenes

105 399 253 440 autem,
274 390 382 443 quod
403 398 489 430 erat
509 398 695 430 terrestre
725 390 976 442 praesidium,
1001 404 1077 429 nou
1099 404 1140 429 re
1169 390 1237 429 sed
1265 391 1433 437 nomine,

105 462 283 516 speravit
311 462 366 502 eis
395 461 600 510 militibus,
623 475 721 513 quos
747 475 797 501 ex
826 475 872 501 eo
901 461 985 500 loco
1013 461 1256 510 deduxisset,
1278 461 1436 513 explere

105 546 148 573 se
185 545 396 572 numerum
434 540 646 571 nautarum
685 539 726 571 et
763 532 958 585 remigum
1000 545 1135 584 posse:
1183 539 1340 584 reperta
1377 539 1437 571 est

106 602 245 644 eadem
278 602 393 642 istius
427 602 599 642 hominis
632 603 852 641 avarissimi
888 603 990 641 ratio
1023 602 1063 640 in
1098 601 1303 654 praesidiis
1336 615 1436 653 quae

105 674 148 714 in
180 673 396 722 classibu35
439 687 530 712 nam
564 681 678 713 erant
711 674 896 726 perpauci
931 673 1082 724 reliqui,
1119 673 1238 712 ceteri
1271 672 1433 711 dimissi.

106 744 296 797 Princeps
334 743 567 785 Cleomenes
614 745 654 783 in
702 744 943 796 quadriremi
981 743 1243 795 Centuripina
1289 743 1436 782 malum
1456 748 1493 775 88

106 815 217 869 erigi,
249 815 336 855 vela
370 815 466 863 fieri,
503 815 677 867 praecidi
711 828 872 854 ancoras
907 815 1128 867 imperavit,
1160 821 1201 853 et
1233 813 1361 861 simul,
1392 821 1438 853 ut

107 900 149 926 se
163 886 284 926 ceteri
305 892 578 938 sequerentur,
596 886 754 939 signum
770 886 855 925 dari
877 886 1001 924 iussit.
1052 885 1161 924 Haec
1177 884 1437 936 Centuripina

108 958 220 997 navis
241 964 326 997 erat
353 957 575 996 incredibili
606 956 808 996 celeritate
829 956 951 1005 velis:
980 969 1071 995 nam
1100 956 1198 995 scire
1226 956 1303 995 isto
1332 968 1438 1007 prae-

106 1035 193 1068 tore
214 1041 329 1068 nemo
349 1036 518 1081 poterat,
541 1028 638 1080 quid
658 1041 838 1080 quaeque
863 1028 974 1067 navis
998 1028 1117 1067 remis
1137 1027 1264 1066 facere
1293 1035 1436 1078 posset,

106 1100 182 1140 etsi
228 1100 271 1138 in
317 1099 390 1138 hac
436 1099 690 1150 quadriremi,
736 1107 900 1151 propter
946 1099 1135 1138 honorem
1183 1105 1224 1136 et
1268 1098 1438 1150 gratiam

106 1170 341 1218 Cleomenis,
388 1170 550 1209 minime
598 1169 715 1209 multi
763 1170 932 1223 remiges
980 1176 1021 1209 et
1067 1169 1213 1209 milites
1260 1168 1434 1208 deerant.

106 1240 296 1281 Evolarat
327 1241 407 1279 iam
441 1254 461 1280 e
496 1247 710 1292 conspectu
744 1240 825 1280 fere
860 1240 1016 1293 fugiens
1046 1239 1318 1291 quadriremiS,
1349 1252 1437 1278 eum

106 1313 316 1353 etiamtum
350 1318 504 1352 ceterae
539 1325 658 1351 naves
690 1325 769 1351 uno
803 1312 843 1350 in
878 1311 963 1351 loco
997 1311 1272 1350 moliebantur.
1342 1310 1439 1350 Erat
1457 1316 1495 1352 89

105 1384 261 1423 animus
289 1384 331 1422 in
361 1383 547 1435 reliquis:
578 1396 818 1435 quamquam
843 1389 957 1422 erant
985 1383 1110 1434 pauci,
1133 1395 1292 1434 quoquo
1320 1381 1438 1421 modo

106 1468 168 1494 res
188 1468 229 1494 se
258 1454 442 1502 habebat,
465 1468 642 1508 pugnare
664 1461 798 1494 tamen
819 1467 859 1493 se
880 1453 982 1493 velle
1002 1453 1235 1501 clamabant,
1258 1460 1309 1501 et,
1331 1453 1436 1504 quod

106 1525 303 1577 reliquum
319 1525 426 1565 vitae
442 1525 667 1576 viriumque
687 1525 811 1564 fames
831 1525 988 1571 fecerat,
1006 1523 1048 1562 id
1063 1524 1168 1563 ferro
1187 1524 1437 1575 potissimum

105 1596 273 1636 reddere
310 1596 508 1636 volebant.
600 1595 750 1645 Quodsi
789 1595 1020 1636 Cleomenes
1068 1608 1145 1633 non
1184 1600 1298 1633 tanto
1343 1601 1436 1633 ante

106 1667 284 1720 fugisset,
315 1667 448 1718 aliqua
477 1674 609 1706 tamen
639 1666 689 1705 ad
724 1665 988 1706 resistendum
1022 1665 1124 1704 ratio
1157 1665 1297 1704 fuisset
1313 1680 1324 1713 3
1352 1672 1437 1704 erat

105 1738 212 1778 enim
231 1737 314 1778 sola
333 1737 400 1777 illa
421 1739 532 1778 navis
548 1745 748 1777 constrata
768 1744 809 1777 et
828 1738 885 1776 ita
903 1750 1057 1790 magna,
1075 1743 1123 1775 ut
1141 1735 1437 1789 propugnaculo

105 1810 247 1850 ceteris
266 1817 401 1863 posset
420 1823 503 1850 esse
520 1826 526 1849 :
557 1822 657 1861 quae
678 1809 709 1848 si
732 1809 769 1847 in
796 1808 1039 1861 praedonum
1061 1821 1194 1860 pugna
1213 1814 1438 1846 versaretur

105 1881 215 1921 urbis
227 1881 354 1921 instar
366 1881 510 1920 habere
524 1880 729 1920 interillos
742 1880 928 1932 piraticos
941 1892 1203 1931 myoparones
1216 1878 1437 1919 videretur:

105 1951 176 1992 sed
196 1958 284 1991 tum
302 1952 451 2004 inopes,
470 1951 596 1991 relicti
616 1951 667 1990 ab
686 1950 786 1990 duee
805 1951 1085 2002 praefectoque
1105 1949 1248 1997 classis,
1266 1948 1435 1988 eundem

105 2023 325 2062 necessario
353 2036 511 2062 cursum
542 2030 677 2062 tenere
707 2028 932 2073 coeperunt.
992 2020 1186 2060 Helorum
1215 2033 1362 2067 versus,
1390 2027 1436 2058 ut
1456 2035 1495 2064 90

105 2093 189 2145 ipse
208 2093 451 2141 Cleomenes,
474 2093 531 2132 ita
561 2093 681 2132 ceteri
711 2092 977 2144 navigabant:
1007 2104 1134 2142 neque
1163 2091 1197 2129 ei
1220 2096 1300 2128 tam
1329 2103 1436 2141 prae-

105 2163 256 2203 donum
275 2164 470 2216 impetum
486 2163 704 2217 fugiebant,
723 2176 842 2214 quam
861 2162 1140 2214 imperatorem
1156 2160 1432 2212 sequebantur.

105 2234 209 2273 Tum
228 2240 276 2273 ut
294 2234 462 2286 quisque
482 2234 523 2273 in
543 2234 638 2286 fuga
658 2240 892 2286 postremus,
915 2233 971 2271 ita
991 2233 1031 2270 in
1061 2230 1234 2283 periculo
1254 2231 1435 2282 princeps

105 2311 216 2353 erat;
257 2311 499 2357 postremam
533 2305 638 2344 enim
672 2317 870 2355 quamque
905 2316 1045 2342 navem
1083 2303 1234 2354 piratae
1267 2301 1434 2352 primam

105 2374 399 2414 adoriebantur.
459 2374 523 2413 Ita
551 2374 678 2426 prima
708 2373 1020 2412 Haluntinorum
1050 2372 1161 2410 navis
1186 2371 1350 2421 capitur,
1372 2370 1432 2408 cui

106 2452 289 2498 praeerat
323 2444 569 2484 Haluntinus
602 2445 721 2484 homo
755 2443 907 2490 nobilis,
941 2441 1198 2494 Phylarchus,
1234 2454 1350 2492 quem
1384 2440 1434 2478 ab
