1674 2729
145 197 301 244 ⁷2.187]
326 198 394 233 IN
417 196 607 233 GAJUM
634 195 865 231 VERREM
887 195 1191 231 SECUNDAE
1218 195 1316 230 Lm.
1345 195 1381 230 V.
1431 203 1473 237 77

146 309 341 342 nocturno
378 301 585 341 latrocinio
621 307 743 352 atque
782 300 934 352 impetu
971 298 1225 351 compilavit;
1263 299 1382 338 etiam
1424 306 1473 346 te,

145 371 303 425 Apollo,
325 385 443 424 quem
462 371 537 411 iste
558 370 659 410 Chio
679 369 867 419 sustulit;
896 376 1014 421 teque
1044 369 1165 409 etiam
1192 375 1313 421 atque
1343 370 1473 416 etiam,

145 443 286 491 Diana,
308 455 428 494 quam
457 441 608 495 Pergae
637 441 834 494 spoliavit,
860 441 971 480 cuius
999 439 1253 480 simulacrum
1283 440 1476 479 sanctissi-

145 527 255 554 mum
287 513 486 566 Segestae,
522 513 581 552 bis
618 512 725 565 apud
763 513 1001 566 Segestanos
1039 517 1321 559 consecratum,
1357 510 1476 550 semel

143 585 321 639 ipsorum
351 584 552 638 religione,
581 585 727 624 iterum
758 584 800 624 P.
835 584 1013 623 Africani
1044 583 1221 631 victoria,
1255 582 1474 622 tollendum

144 655 510 709 asportandumque
539 655 693 694 curavit
707 671 717 704 5
746 661 875 707 teque,
899 654 1083 703 Mercuri,
1115 667 1232 705 quem
1261 654 1406 693 Verres
1434 654 1474 693 in

144 725 264 767 domo
292 733 334 766 et
358 726 399 765 in
427 726 585 778 privata
603 725 735 777 aliqua
756 725 951 778 palaestra
970 726 1114 778 posuit,
1137 725 1179 764 P.
1202 725 1414 764 Africanus
1434 725 1474 764 in

143 798 242 838 urbe
262 797 456 837 sociorum
487 804 527 836 ct
553 797 593 836 in
621 797 831 850 gymnasio
859 796 1225 849 Tyndaritanorum
1254 796 1475 835 iuventutis
1495 807 1552 836 186

144 868 304 908 illorum
324 868 529 908 custodem
549 882 593 907 ac
613 868 835 920 praesidem
850 867 979 907 voluit
993 881 1076 907 esse
1091 883 1101 917 3
1122 875 1251 920 teque,
1271 867 1472 916 Hercules,

144 954 263 994 quem
291 941 367 980 iste
395 940 608 993 Agrigenti
638 947 752 980 nocte
782 941 1021 992 intempesta
1049 953 1253 979 servorum
1282 940 1477 979 instructa

145 1018 186 1052 et
205 1017 431 1064 comparata
450 1023 571 1050 manu
591 1009 811 1050 convellere
831 1024 881 1050 ex
901 1011 981 1049 suis
1001 1010 1160 1050 sedibus
1180 1016 1300 1062 atque
1320 1011 1475 1050 auferre

144 1089 309 1122 conatus
338 1088 398 1121 est
412 1097 422 1131 ;
460 1088 590 1133 teque,
621 1081 869 1120 sanctissima
898 1081 1031 1120 Mater
1061 1081 1190 1130 Idaea,
1222 1095 1341 1133 quam
1369 1082 1474 1134 apud

143 1152 349 1206 Enguinos
394 1151 676 1204 augustissimo
723 1158 764 1190 et
800 1150 1096 1204 religiosissimo
1142 1152 1183 1190 in
1231 1152 1380 1205 templo
1421 1153 1475 1192 sic

143 1222 354 1276 spoliatam
373 1222 545 1274 reliquit,
564 1228 610 1261 ut
626 1235 729 1261 nune
750 1235 894 1262 nomen
914 1221 1032 1261 modo
1052 1222 1230 1262 Africani
1252 1228 1292 1263 et
1306 1224 1475 1277 vestigia

142 1293 314 1334 violatae
351 1293 552 1347 religionis
581 1299 779 1342 maneant,
810 1300 1068 1333 monumenta
1096 1294 1285 1334 victoriae
1313 1295 1474 1347 fanique

143 1371 377 1405 ornamenta
397 1378 475 1404 non
496 1370 680 1414 exstent;
708 1377 868 1416 vosque,
891 1365 1068 1404 omnium
1088 1378 1221 1404 rerum
1244 1366 1471 1414 forensium,

143 1435 398 1476 consiliorum
434 1436 710 1484 maximorum,
741 1435 875 1489 legum
912 1435 1228 1488 iudiciorumque
1264 1437 1404 1476 arbitri
1434 1445 1475 1477 et

144 1513 278 1555 testes,
300 1506 554 1546 celeberrimo
574 1507 614 1545 in
644 1506 729 1546 loeo
757 1506 894 1559 populi
923 1506 1091 1546 Romani
1121 1507 1249 1556 locati,
1272 1508 1475 1548 Castor'et

144 1576 300 1626 Pollux,
333 1589 502 1628 quorum
533 1590 554 1616 e
585 1575 735 1628 templo
765 1583 975 1628 quaestum
1006 1577 1081 1617 iste
1111 1578 1186 1617 sibi
1217 1584 1258 1617 et
1286 1579 1473 1630 praedam

144 1648 476 1701 improbissimam
515 1648 786 1700 comparavit;
832 1661 1046 1699 omnesque
1084 1648 1136 1697 di,
1177 1649 1245 1700 qui
1283 1649 1474 1689 vehiculis

144 1725 348 1758 tensarum
368 1718 576 1758 sollemnes
596 1724 731 1758 coetus
751 1717 936 1758 ludorum
956 1719 1077 1768 initis,
1099 1733 1269 1771 quorum
1297 1720 1374 1760 iter
1398 1721 1474 1761 iste

143 1790 195 1830 ad
215 1803 331 1830 suum
347 1795 566 1842 quaestum,
582 1803 662 1829 non
674 1790 725 1830 ad
740 1789 978 1843 religionum
990 1790 1230 1844 dignitatem
1243 1791 1473 1832 faciundum

144 1862 464 1916 exigendumque
495 1862 673 1911 curavit3
712 1868 842 1914 teque,
877 1861 1007 1911 Ceres,
1043 1869 1085 1902 et
1117 1863 1270 1912 Libera,
1305 1877 1473 1916 quarum
1494 1874 1548 1910 187

144 1948 263 1984 saera,
286 1935 389 1974 sicut
410 1934 615 1987 opiniones
645 1934 850 1974 hominum
878 1948 922 1973 ae
951 1934 1160 1988 religiones
1188 1936 1334 1985 ferunt,
1356 1936 1472 1991 longe

144 2005 328 2045 maximis
373 2011 494 2057 atque
540 2005 815 2045 occultissimis
861 2006 1107 2046 caerimoniis
1145 2008 1410 2057 continentur,
1450 2023 1473 2048 a

143 2077 288 2129 quibus
320 2077 436 2116 initia
464 2076 570 2116 vitae
599 2083 721 2128 atque
749 2077 888 2125 victus,
922 2090 1087 2126 morum,
1120 2077 1264 2131 legum,
1297 2093 1474 2119 mansue-

145 2146 308 2195 tudinis,
348 2147 609 2186 humanitatis
656 2147 882 2186 hominibus
930 2154 970 2187 et
1014 2148 1242 2188 civitatibus
1288 2149 1383 2189 data
1429 2164 1473 2190 ac

144 2217 355 2270 dispertita
383 2230 466 2257 esse
495 2217 693 2266 dicuntur,
722 2231 891 2269 quarum
911 2231 1019 2257 sacra
1039 2219 1208 2271 populus
1228 2220 1430 2260 Romanus
1449 2235 1473 2260 a

144 2288 305 2329 Graecis
341 2288 464 2328 ascita
510 2295 552 2328 et
587 2294 746 2341 accepta
784 2294 896 2328 tanta
934 2289 1124 2343 religione
1162 2297 1203 2330 et
1239 2291 1393 2343 publice
1433 2299 1473 2332 et

144 2359 333 2412 privatim
353 2365 500 2407 tuetur,
523 2372 601 2398 non
630 2366 677 2398 ut
695 2359 746 2398 ab
773 2358 852 2398 illis
880 2359 956 2399 huc
984 2360 1128 2409 adlata,
1159 2361 1229 2401 sed
1258 2368 1305 2401 ut
1332 2363 1472 2402 ceteris

146 2430 236 2469 hinc
257 2429 406 2469 tradita
425 2443 508 2469 esse
530 2429 764 2479 videantnr3
793 2443 894 2483 quae
913 2431 963 2471 ab
982 2432 1059 2471 isto
1078 2445 1158 2471 uno
1178 2434 1232 2472 sic
1252 2433 1404 2484 polluta
1426 2448 1470 2474 ae
