1700 2729
213 225 258 257 44
511 216 568 250 M.
602 216 640 250 T.
671 215 962 251 CICERONIS
985 216 1252 251 ACTJONJS
1392 214 1547 261 [41.1o7

212 320 252 358 in
282 319 413 359 forum
434 320 567 359 venit:
603 320 822 359 nauarchos
849 320 900 359 ad
930 333 970 359 se
1000 319 1131 359 vocari
1162 320 1282 359 iubet.
1343 320 1419 369 Qui
1449 319 1548 359 nihil

212 397 448 439 metuerent,
494 390 593 429 nihil
641 391 947 442 suspicarentur,
993 391 1128 429 statim
1171 397 1393 430 accurrunt.
1467 390 1549 431 Iste

211 461 438 500 horninibus
485 462 639 501 miseris
690 462 967 501 innocentibus
1018 462 1110 500 inici
1157 468 1316 501 catenas
1365 462 1546 514 imperat.

212 532 429 584 Implorare
458 533 516 571 illi
550 532 669 571 fidem
703 533 897 584 praetoris
927 540 966 571 et
996 546 1116 584 quare
1144 532 1186 571 id
1220 533 1369 572 faceret
1396 546 1546 586 rogare.

212 603 315 642 Tum
344 604 419 642 iste
449 603 522 642 hoc
552 616 690 642 causae
710 603 819 651 dicit,
842 603 949 654 quod
979 603 1141 642 classem
1170 604 1436 655 praedonibus
1464 617 1551 656 pro-

212 674 417 713 didissent.
477 674 544 712 Fit
564 674 712 713 clamor
741 681 781 713 et
800 674 1013 713 admiratio
1041 674 1190 726 populi,
1212 681 1368 714 tantam
1397 688 1480 714 esse
1508 675 1550 714 in

212 745 371 783 homine
413 744 705 796 impudentiam
747 751 868 796 atque
912 744 1130 793 audaciam,
1174 752 1221 783 ut
1263 745 1351 784 aliis
1392 758 1550 784 causam

213 815 449 854 calamitatis
469 816 719 864 attribueret,
743 829 843 867 quae
864 816 992 854 omnis
1015 821 1179 867 propter
1197 816 1407 855 avaritiam
1426 816 1551 868 ipsius

212 885 419 925 accidisset
433 902 442 934 3
473 893 530 934 ut,
554 900 643 925 cum
672 886 756 938 ipse
785 886 1032 938 praedonum
1061 886 1189 925 socius
1219 892 1442 938 putaretur,
1463 886 1551 925 aliis

211 957 449 1008 proditionis
479 957 627 996 crimen
654 957 846 1006 inferret3
879 952 1035 1005 deinde,
1058 957 1131 996 hoc
1151 957 1292 1008 quinto
1312 956 1466 996 decimo
1485 956 1550 997 die

139 1046 194 1073 107
213 1029 361 1068 crimen
394 1042 477 1068 esse
511 1035 651 1068 natum
685 1036 899 1080 postquam
929 1029 1061 1068 classis
1091 1036 1194 1067 esset
1222 1029 1375 1068 amissa.
1447 1028 1550 1068 Cum

213 1100 307 1139 haec
327 1101 383 1139 ita
404 1101 555 1147 fierent,
579 1100 845 1151 quaerebatur
863 1099 932 1138 ubi
962 1106 1066 1138 esset
1086 1098 1318 1138 Cleomenes
1332 1115 1343 1148 3
1371 1112 1451 1138 non
1472 1112 1551 1150 quo

211 1172 325 1210 illum
358 1172 500 1223 ipsum,
537 1171 776 1209 cuicuimodi
811 1179 881 1219 est,
919 1171 1129 1222 quisquam
1162 1170 1354 1222 supplicio
1387 1177 1551 1223 propter

212 1242 311 1281 illud
332 1242 628 1281 incommodum
644 1242 811 1294 dignum
831 1249 1003 1294 putaret,
1021 1267 1075 1270 —
1095 1255 1186 1279 nam
1202 1241 1298 1292 quid
1319 1240 1551 1280 Cleomenes

212 1314 340 1352 facere
378 1313 540 1365 potuit?
583 1326 662 1351 11011
702 1313 807 1352 enim
844 1326 1005 1364 possum
1044 1326 1284 1364 quemquam
1321 1311 1551 1351 insimulare

212 1384 311 1423 falso
326 1400 336 1433 3
366 1383 473 1435 quid,
495 1384 669 1435 inquam,
692 1397 837 1436 magno
858 1397 975 1435 opere
1003 1384 1138 1435 potuit
1158 1383 1389 1423 Cleomenes
1409 1383 1548 1431 facere,

211 1456 327 1504 istius
347 1455 515 1493 avaritia
538 1455 706 1493 navibus
729 1455 942 1493 exinanitis
959 1457 971 1494 2
1000 1461 1121 1505 atque
1142 1467 1233 1493 eum
1253 1454 1394 1493 xident
1413 1454 1550 1494 sedere

211 1525 262 1564 ad
291 1525 396 1564 latus
425 1525 620 1577 praetoris
641 1533 681 1564 et
701 1524 751 1563 ad
779 1538 917 1564 aurem
941 1525 1203 1573 familiariter,
1225 1531 1272 1564 ut
1292 1524 1432 1564 solitus
1452 1532 1548 1574 erat,

211 1596 470 1635 insusurrare.
530 1596 633 1634 Tum
653 1609 748 1634 vero
769 1595 953 1634 omnibus
981 1594 1306 1648 indignissimum
1325 1596 1456 1634 visum
1476 1602 1548 1644 est,

213 1667 392 1706 homines
422 1666 733 1714 honestissimos,
757 1666 903 1705 electos
923 1679 943 1705 e
964 1666 1045 1704 suis
1066 1666 1307 1714 civitatibus,
1329 1666 1372 1705 in
1399 1666 1551 1705 ferrum

212 1745 333 1789 atque
362 1738 404 1776 in
431 1737 563 1777 vincla
592 1738 801 1785 coniectos,
834 1737 1088 1777 Cleomenem
1116 1743 1280 1789 propter
1307 1737 1551 1791 flagitiorum

212 1822 256 1847 ac
285 1808 585 1860 turpitudinum
614 1808 845 1847 societatem
873 1808 1227 1847 familiarissimum
1251 1821 1334 1848 esse
1362 1809 1547 1860 praetori.

139 1891 193 1919 108
212 1879 445 1931 Adponitur
465 1879 519 1918 eis
541 1886 676 1918 tamen
695 1886 900 1918 accusator
919 1878 1098 1917 Naevius
1118 1879 1269 1930 Turpio
1289 1878 1462 1930 quidam,
1481 1879 1550 1931 qui

213 1949 254 1989 C.
278 1949 493 1989 Sacerdote
520 1955 703 2001 praetore
723 1949 959 1988 iniuriarum
979 1949 1192 1988 damnatus
1212 1956 1282 1997 est,
1305 1949 1424 1988 homo
1449 1949 1550 1989 bene

211 2021 418 2073 adpositus
451 2020 502 2059 ad
535 2021 651 2059 istius
685 2020 891 2059 audaciam
904 2036 915 2069 ς
954 2033 1072 2071 quem
1105 2020 1179 2059 iste
1213 2021 1256 2058 in
1288 2019 1476 2069 decumis,
1508 2021 1550 2059 in

212 2093 330 2132 rebus
360 2091 604 2143 capitalibus,
636 2091 678 2130 in
708 2092 815 2131 omni
845 2091 1042 2131 calumnia
1075 2105 1371 2144 praecursorem
1404 2091 1550 2131 habere

212 2164 364 2203 solebat
385 2170 425 2202 et
445 2163 701 2202 emissarium.

141 2243 193 2281 42
267 2234 447 2273 Veniunt
489 2234 705 2286 Syracusas
748 2242 932 2285 parentes
980 2233 1272 2285 propinquique
1315 2233 1549 2272 miserorum

212 2304 538 2352 adulescentium,
579 2304 652 2342 hoc
694 2304 903 2356 repentino
946 2303 1183 2343 calamitatis
1226 2317 1319 2343 suae
1361 2303 1549 2342 commoti

214 2375 356 2413 nuntio
370 2391 380 2423 ,-
414 2375 568 2413 vinctos
597 2374 746 2412 catenis
775 2374 975 2426 aspiciunt
1003 2374 1147 2413 liberos
1177 2387 1279 2422 suos,
1310 2387 1400 2417 cum
1432 2372 1549 2412 istius

214 2446 404 2485 avaritiae
420 2459 589 2497 poenam
605 2445 704 2485 60110
721 2451 761 2485 ct
776 2445 994 2485 cervicibus
1011 2445 1091 2484 suis
1106 2445 1351 2484 sustinerent
1357 2459 1369 2493 ;
1387 2443 1546 2491 adsunt,
