1674 2729
123 212 281 261 ambs]
305 214 372 249 IN
395 213 585 250 GAJUM
614 211 844 247 VERREM
866 211 1171 248 SECUNDAE
1195 212 1295 247 LIB.
1323 213 1358 247 Γ.
1409 213 1453 257 65

124 317 357 359 formidines
384 317 436 357 ab
469 317 614 356 nostris
644 316 943 369 magistratibus
971 323 1091 367 atque
1122 316 1161 354 in
1191 317 1336 355 nostris
1370 330 1454 368 pro-

124 389 264 430 vinciis
293 387 610 441 impendebunt'l
665 386 716 426 ad
746 400 884 426 eamne
903 400 985 426 rem
1016 387 1094 425 fuit
1115 386 1209 426 haec
1229 386 1456 426 suburbana

122 474 168 502 ae
204 459 333 500 fidelis
369 459 513 507 Sicilia,
554 458 671 511 plena
708 458 950 511 optimorum
989 458 1183 498 sociorum
1231 458 1456 498 honestissi-

123 544 358 584 morumque
392 531 549 578 civium,
581 543 682 582 quae
716 530 820 569 cives
856 530 1055 569 Romanos
1088 542 1224 569 omnes
1257 529 1338 568 suis
1371 530 1456 582 ipsa

123 602 284 643 sedibus
328 601 588 642 libentissime
626 614 782 653 semper
827 601 989 652 aceepit,
1030 606 1087 648 ut,
1128 600 1195 651 qui
1244 613 1368 651 usque
1407 613 1456 640 ex

124 673 267 714 ultima
285 672 404 726 Syria
422 679 542 724 atque
562 671 752 725 Aegypto
779 671 1024 724 navigarent,
1047 671 1113 722 qui
1134 670 1241 723 apud
1270 671 1457 710 barbaros

124 750 288 798 propter
320 750 437 797 togae
475 756 619 782 nomen
653 743 693 781 in
733 742 881 781 honore
914 741 1047 793 aliquo
1085 741 1265 790 fuissent,
1301 742 1368 793 qui
1407 754 1456 781 ex

125 815 371 868 praedonum
418 813 582 861 insidiis,
623 813 691 865 qni
731 826 780 852 ex
828 819 1112 864 tempestatum
1150 812 1334 864 periculis
1372 825 1456 864 pro-

126 886 332 940 fugissent,
364 885 405 924 in
434 884 567 924 Sicilia
597 884 723 924 securi
754 884 978 931 ferirentur,
1002 897 1090 922 cum
1120 896 1160 922 se
1186 884 1264 922 iam
1293 883 1454 922 domum

126 956 280 997 venisse
299 956 590 1009 arbitrarentur
606 958 619 995 ’ἒ

181 1026 287 1067 Nam
315 1027 412 1079 quid
442 1040 514 1080 ego
542 1026 593 1066 de
622 1026 664 1065 P.
696 1025 836 1073 Gavio,
867 1024 1050 1065 Consano
1079 1025 1287 1077 municipe,
1315 1024 1454 1073 dicam,
1476 1036 1526 1075 61

128 1096 308 1137 iudices‘e
363 1097 449 1136 Aut
477 1109 556 1148 qua
584 1096 622 1134 vi
653 1095 770 1144 vocis,
792 1108 870 1147 qua
897 1095 1097 1148 gravitate
1126 1095 1348 1143 verborum,
1379 1108 1458 1146 quo
1480 1111 1534 1147 158

126 1167 264 1208 dolore
292 1168 415 1207 animi
449 1167 607 1206 dicam?
662 1166 838 1205 Tametsi
867 1165 981 1205 dolor
1014 1179 1076 1204 me
1110 1179 1187 1204 non
1222 1164 1380 1214 deficit,
1413 1172 1460 1204 ut

127 1244 259 1280 cetera
291 1238 389 1278 mihi
423 1238 464 1276 in
493 1236 661 1277 dicendo
694 1236 815 1290 digna
849 1250 901 1285 re,
932 1236 1054 1289 digna
1086 1235 1222 1275 dolore
1251 1249 1338 1275 meo
1372 1249 1458 1288 sup-

127 1315 279 1362 petant,
315 1309 441 1362 magis
474 1306 735 1347 laborandum
770 1314 839 1346 est.
899 1306 1015 1355 Quod
1053 1306 1200 1345 crimen
1235 1305 1318 1345 eius
1351 1305 1458 1345 modi

128 1386 199 1429 est,
229 1385 287 1428 ut,
309 1392 399 1419 cum
427 1379 600 1432 primum
628 1377 679 1417 ad
708 1391 770 1417 me
799 1377 978 1417 delatum
1007 1383 1077 1425 est,
1105 1390 1271 1416 usurum
1299 1390 1362 1416 me
1391 1376 1458 1416 illo

129 1464 208 1491 non
227 1457 410 1504 putarem
427 1465 438 1499 ς
467 1449 625 1489 tametsi
656 1449 762 1488 enim
781 1448 1032 1488 verissimum
1053 1461 1136 1487 esse
1164 1447 1455 1500 intellegebam,

128 1529 263 1562 tamen
299 1520 486 1561 credibile
523 1520 608 1559 fore
655 1533 734 1558 non
771 1519 1002 1558 arbitrabar.
1079 1518 1250 1558 Coactus
1288 1517 1457 1557 lacrimis

127 1592 306 1633 omnium
344 1591 490 1631 civium
524 1591 805 1637 Romanorum,
841 1590 909 1641 qui
942 1590 983 1628 in
1022 1588 1156 1628 Sicilia
1188 1589 1454 1642 negotiantur,

127 1663 324 1704 adductus
361 1662 678 1709 Valentinorum‚
714 1661 921 1700 hominum
958 1660 1338 1708 honestissimorum,
1379 1673 1457 1699 om-

128 1736 318 1787 niumque
355 1734 601 1787 Reginorum
647 1732 887 1772 testimoniis
934 1731 1230 1782 multorumque
1277 1731 1457 1782 equitum

128 1806 410 1852 Romanorum,
432 1804 500 1856 qui
524 1816 616 1843 casu
637 1809 723 1842 tum
752 1802 960 1841 Messanae
980 1802 1154 1850 fuerunt,
1176 1801 1269 1841 dedi
1299 1806 1457 1840 tantum

126 1878 258 1931 priore
290 1876 446 1916 actione
479 1875 654 1923 testium,
686 1887 748 1914 res
782 1881 828 1912 ut
859 1874 1007 1913 nemini
1040 1872 1162 1912 dubia
1195 1886 1278 1912 esse
1311 1880 1454 1925 posset.

128 1947 236 1998 Quid
263 1960 368 1987 nunc
387 1948 533 2000 agam'l
588 1945 690 1986 Cum
719 1945 798 1984 iam
828 1950 890 1983 tot
918 1944 1034 1983 horas
1054 1943 1103 1983 de
1133 1956 1213 1982 uno
1241 1957 1385 1997 genere
1413 1957 1457 1982 ac
1479 1961 1535 1991 159

127 2019 178 2060 de
214 2019 330 2059 istius
368 2018 520 2058 nefaria
557 2016 792 2056 crudelitate
829 2015 969 2063 dicam,
1010 2028 1099 2054 cum
1137 2027 1259 2067 prope
1300 2028 1457 2054 omnem

128 2091 210 2130 vim
243 2089 455 2130 verborum
489 2089 572 2128 eius
606 2087 724 2135 modi,
756 2099 857 2138 quae
890 2085 1034 2125 scelere
1067 2085 1181 2124 istius
1210 2084 1331 2138 digna
1363 2085 1454 2134 sint,

128 2161 216 2201 aliis
252 2161 295 2199 in
332 2159 451 2199 rebus
488 2157 810 2210 consumpserim,
847 2169 974 2208 neque
1012 2156 1085 2195 hoc
1123 2155 1375 2208 providerim,
1410 2163 1458 2195 ut

129 2231 324 2272 varietate
379 2230 590 2269 criminum
645 2242 716 2268 vos
761 2234 938 2267 attentos
986 2233 1185 2266 tenerem:
1241 2239 1360 2278 quem
1405 2226 1456 2266 ad

130 2301 293 2342 modum
323 2300 374 2340 de
408 2306 523 2339 tanta
550 2312 592 2338 re
622 2299 781 2338 dicam?
836 2297 998 2350 Opinor‚
1031 2310 1135 2336 unus
1163 2296 1304 2336 modus
1337 2302 1458 2348 atque

130 2387 210 2413 una
247 2372 350 2411 ratio
397 2377 467 2410 est.
545 2370 645 2410 Rem
683 2370 724 2408 in
767 2368 898 2408 medio
945 2381 1114 2420 ponam;
1161 2381 1262 2419 quae
1300 2374 1457 2407 tantum

130 2444 252 2485 habet
288 2443 374 2496 ipsa
411 2441 632 2495 gravitatis,
676 2447 724 2479 ut
770 2453 898 2491 neque
945 2453 1042 2486 mea,
1082 2451 1183 2490 quae
1231 2438 1338 2478 nulla
1385 2447 1455 2486 est,

788 2520 814 2550 Ἐ
