1700 2729
223 227 268 269 64
522 227 577 261 M.
614 228 649 261 T.
681 227 971 262 CICERONIS
994 228 1260 262 AC'J'JONJS
1399 227 1473 274 [60.
1489 232 1556 265 156

223 332 283 370 tui
303 331 502 379 dictitant,
526 345 629 370 nova
649 332 820 382 quadam
844 332 1049 383 sapientia,
1072 338 1119 370 ut
1144 345 1281 371 omnes
1302 332 1552 386 intellegunt,

223 402 462 441 conscientia
491 408 561 441 tua
589 408 710 452 atque
738 402 977 441 auctoritate
1007 415 1187 442 meorum
1216 403 1381 442 testium
1411 409 1554 443 testem

223 472 378 511 nullum
411 473 677 525 interrogasti.
748 472 1027 525 Interrogetur
1054 473 1227 521 Flavius,
1260 474 1293 512 si
1322 473 1441 522 voles,
1473 475 1556 526 quj-

222 557 314 582 nam
340 544 462 583 fuerit
491 544 533 583 L.
567 543 804 591 Herennius,
836 544 869 582 is
899 557 1017 594 quem
1046 543 1112 582 ille
1141 545 1408 596 argentariam
1436 545 1555 598 Lepti

221 615 359 654 fecisse
397 615 516 654 dicit:
565 615 633 666 qui
672 628 762 653 cum
799 615 969 666 amplius
1008 620 1168 653 centum
1207 616 1311 655 cives
1354 617 1554 657 Romanos

221 687 386 726 haberet
424 700 474 725 ex
512 692 712 725 conventu
750 686 1009 738 Syracusano,
1051 687 1118 737 qui
1162 700 1253 725 eum
1299 700 1379 726 non
1426 687 1554 726 solum

221 764 504 810 cognoscerent
532 757 602 796 sed
631 758 753 797 etiam
780 757 1032 796 lacrimantes
1061 771 1105 796 ac
1135 763 1175 797 te
1203 758 1462 809 implorantes
1490 759 1555 799 de-

220 829 441 877 fenderent,
459 835 594 868 tamen
614 829 929 880 inspectantibus
950 829 1132 868 omnibus
1154 829 1412 881 Syracusanis
1427 830 1554 869 securi

219 915 427 952 percussus
449 907 519 941 est.
579 901 698 940 Hunc
725 913 883 952 quoque
909 906 1054 940 testem
1080 914 1214 939 meum
1233 900 1360 940 refelli
1381 905 1421 939 et
1440 900 1554 940 illum

221 972 470 1011 Herennium
500 972 774 1012 Sertorianum
804 971 925 1010 fuisse
954 971 1023 1009 abs
1053 977 1093 1009 te
1123 971 1387 1010 demonstrari
1409 976 1450 1010 et
1467 984 1554 1022 pro-

220 1043 304 1082 bari
324 1043 425 1082 volo.

148 1119 200 1157 60
275 1114 380 1163 Quid
409 1114 459 1154 de
487 1114 556 1153 illa
585 1113 845 1165 nmltitudine
875 1113 1050 1152 dicemus
1081 1126 1228 1161 eorum,
1261 1114 1329 1164 qui
1358 1113 1553 1165 capitibus

144 1199 200 1235 136
218 1186 409 1226 involutis
438 1187 480 1224 in
500 1186 720 1238 piratarum
750 1185 998 1237 captivorum
1024 1198 1189 1224 numero
1218 1185 1550 1236 producebantur,

220 1264 264 1297 ut
293 1258 419 1297 securi
438 1258 682 1296 ferirentur?
740 1256 849 1305 Quae
878 1257 954 1295 ista
981 1270 1083 1295 nova
1111 1256 1332 1309 diligentia,
1354 1269 1474 1307 quam
1503 1257 1553 1295 ob

219 1343 376 1368 causam
402 1329 471 1367 abs
501 1334 540 1367 te
562 1328 818 1380 excogitata?
873 1329 939 1365 An
969 1333 1009 1366 te
1029 1327 1071 1365 L.
1104 1327 1230 1365 Flavii
1253 1332 1553 1378 ceterorumque

218 1401 268 1440 de
297 1400 339 1439 L.
373 1400 577 1439 Herennio
611 1399 843 1438 vociferatio
873 1399 1176 1438 commovebat?
1232 1400 1298 1437 An
1327 1398 1382 1437 M.
1414 1399 1550 1447 Annii,

218 1471 443 1525 gravissimi
463 1476 583 1522 atque
603 1470 871 1509 honestissimi
891 1470 977 1518 viri,
1001 1483 1154 1508 summa
1174 1469 1391 1508 auctoritas
1419 1469 1553 1521 paullo

217 1542 514 1595 diligentiorem
562 1541 883 1592 timidioremque
929 1540 1109 1579 fecerat?
1184 1540 1260 1588 Qui
1307 1553 1436 1591 nuper
1480 1553 1552 1592 pro

217 1614 448 1653 testimonio
482 1627 560 1652 non
599 1612 794 1651 advenam
833 1612 963 1650 nescio
997 1624 1115 1662 quem
1154 1624 1224 1650 nec
1261 1610 1447 1659 alienum,
1482 1610 1552 1650 sed

218 1700 308 1726 eum
329 1687 455 1725 civem
484 1686 720 1732 Romanum,
744 1684 811 1735 qui
832 1683 1015 1722 onmibus
1042 1683 1084 1721 in
1103 1682 1171 1722 illo
1201 1688 1400 1722 conventu
1419 1688 1549 1731 notus,

218 1758 286 1809 qui
321 1757 527 1810 Syracusis
561 1761 679 1794 natus
714 1761 826 1802 esset,
863 1754 932 1792 abs
966 1760 1006 1793 te
1041 1754 1167 1793 securi
1204 1766 1435 1806 percussum
1468 1766 1552 1792 esse

143 1849 198 1877 157
217 1829 332 1868 dixit.
391 1829 490 1867 Post
517 1828 619 1866 hanc
649 1826 809 1865 illorum
835 1825 1171 1873 vociferationem,
1202 1830 1294 1876 post
1321 1825 1423 1863 hanc
1451 1838 1551 1863 com-

217 1913 379 1939 munem
399 1899 547 1938 famam
575 1904 696 1948 atque
717 1895 1004 1947 querimoniam
1033 1909 1114 1934 non
1133 1895 1269 1934 mitior
1296 1895 1339 1933 in
1359 1894 1551 1946 supplicio

216 1970 286 2010 sed
341 1970 573 2023 diligentior
620 1981 703 2007 csse
750 1967 902 2018 coepit:
960 1967 1154 2018 capitibus
1201 1965 1392 2005 involutis
1446 1966 1550 2005 cives

217 2043 416 2082 Romanos
463 2041 515 2079 ad
568 2052 703 2078 necem
749 2037 966 2090 producere
1013 2037 1217 2086 instituit3
1271 2049 1368 2087 quos
1416 2042 1550 2075 tamen

215 2114 361 2153 idcirco
399 2112 566 2151 necabat
611 2110 753 2162 palam,
795 2108 901 2160 quod
948 2108 1127 2146 homines
1165 2108 1207 2145 in
1253 2107 1550 2146 conventu—id

215 2184 323 2236 quod
352 2189 469 2223 antea
489 2181 798 2221 dixi—nimium
826 2178 1040 2231 diligenter
1063 2178 1311 2230 praedonum
1339 2191 1549 2217 numerum

215 2255 482 2307 requirebant.
542 2252 717 2291 Haecine
746 2250 853 2302 plebi
882 2250 1084 2288 Romanae
1105 2254 1145 2288 te
1170 2254 1353 2301 praetore
1375 2255 1435 2288 est
1463 2262 1536 2288 con

215 2328 358 2366 stituta
379 2324 556 2364 condicio
573 2326 586 2363 ’ζ
642 2322 752 2361 Haec
772 2321 923 2373 negotii
943 2320 1108 2373 gerendi
1129 2323 1246 2372 spes?
1301 2320 1390 2359 Hoc
1410 2320 1550 2372 capitis

213 2399 400 2448 vitaeque
433 2395 674 2434 discrimen?
730 2392 928 2430 Parumne
966 2391 1094 2429 multa
1132 2391 1418 2430 mercatoribus
1455 2396 1550 2429 sunt

214 2468 432 2508 necessario
479 2465 653 2518 pericula
700 2463 906 2502 subeunda
953 2462 1148 2509 fortunae,
1189 2461 1264 2500 nisi
1312 2461 1432 2500 etiam
1473 2461 1547 2501 hae
