1674 2729
118 176 174 211 14.
187 173 249 221 ³6]
298 176 365 210 ΙΝ
389 176 577 211 GAlwl
609 176 838 211 VERREM
862 178 1163 213 SECUNDAE
1190 180 1287 213 Lm.
1317 181 1351 213 1'.
1409 191 1444 224 ¹5

117 291 208 318 cum
240 279 282 318 in
311 279 395 318 eius
429 279 536 318 modi
566 280 761 332 patientia
791 280 1052 332 tiu-pitudiuis
1081 281 1219 328 aliena,
1258 296 1333 320 non
1364 297 1444 330 sua,

116 349 303 390 satietate
330 349 595 398 obduruisset,
627 351 694 402 qui
725 351 786 390 vir
816 351 947 399 fuerit,
970 358 1068 403 quot
1097 352 1302 404 praesidia,
1328 366 1445 404 quam

115 420 273 460 munita
290 420 454 474 pudoris
474 427 515 461 et
535 421 750 474 pudicitiae
772 422 810 460 vi
835 429 875 461 et
894 421 1058 461 audacia
1078 424 1236 475 ceperit,
1259 423 1354 474 quid
1385 438 1445 464 nie

113 492 264 532 attinet
290 492 421 532 dicere
444 507 488 532 ae
512 494 751 547 coniungere
772 508 860 533 cuni
891 494 1004 533 istius
1036 495 1186 547 flagitio
1215 495 1444 547 cuiusquam

114 568 320 616 praeterea
352 563 554 603 dedecus?
601 563 693 603 Non
732 564 884 611 faciam,
926 564 1099 613 iudices3
1145 565 1277 603 omnia
1311 572 1445 604 vetera

114 634 455 687 praetermittam:
498 634 580 674 duo
609 634 691 674 sola
711 635 884 674 recentia
913 635 996 674 sine
1021 635 1253 687 cuiusquam
1282 637 1445 675 infamia

113 718 270 758 ponam,
292 719 342 746 ex
362 706 506 758 quibus
535 706 802 745 coniecturam
832 706 958 746 facere
979 705 1029 745 de
1050 706 1233 745 omnibus
1262 707 1444 759 possitis;

113 789 238 816 unum
267 776 377 825 illud,
409 777 516 829 quod
550 778 607 816 ita
635 777 714 816 fuit
742 777 895 816 illustre
926 785 1144 829 notumque
1174 778 1367 826 omnibus,
1398 785 1444 817 ut

113 860 230 888 nemo
250 854 333 887 tam
353 849 576 888 rusticanus
606 848 724 888 homo
744 848 786 887 L.
810 848 976 888 Lucullo
996 849 1050 888 M.
1075 848 1195 889 Cotta
1218 849 1443 888 consulibus

113 919 282 959 Romam
315 934 365 960 ex
393 919 476 960 ullo
509 920 724 972 municipio
753 919 970 959 vadimonii
1001 934 1116 959 causa
1150 921 1314 969 venerit,
1346 921 1442 972 quin

88 990 231 1030 -sciret
267 991 354 1030 iura
391 992 524 1031 omnia
561 991 755 1044 praetoris
792 991 933 1030 urbani
974 998 1075 1030 nutu
1111 999 1231 1043 atque
1277 992 1442 1031 arbitrio

111 1059 343 1101 Chelidonis
381 1061 656 1101 meretriculae
692 1061 931 1114 gubernari;
973 1061 1154 1109 alterum,
1195 1062 1313 1113 quod,
1353 1075 1441 1101 cum

110 1131 325 1184 paludatus
355 1133 503 1172 exisset
523 1139 695 1184 votaque
715 1146 787 1185 pro
816 1133 982 1184 imperio
1001 1146 1073 1172 suo
1094 1133 1370 1184 communique
1400 1146 1441 1171 rc

110 1202 268 1255 publica
297 1210 575 1256 nuncupasset,
608 1210 729 1243 noctu
762 1204 891 1255 stupri
918 1217 1034 1242 eausa
1067 1202 1205 1242 lectica
1233 1203 1273 1241 in
1302 1203 1439 1242 urbem

109 1273 313 1314 introferri
333 1274 474 1314 solitus
495 1281 556 1314 est
577 1274 629 1313 ad
658 1274 876 1322 mulierem,
899 1282 1066 1326 nuptam
1094 1274 1174 1321 uni,
1197 1274 1440 1326 propositam

110 1345 304 1394 omnibUS‚
327 1352 465 1385 contra
484 1345 555 1393 fas,
587 1352 725 1385 contra
753 1345 938 1397 auspicia,
961 1350 1099 1385 eontra
1120 1358 1255 1384 omnes
1285 1344 1439 1383 divinas

108 1421 231 1468 atque
250 1416 443 1456 humanas
464 1416 684 1469 religiones.

163 1486 199 1526 O
227 1486 268 1526 di
294 1486 561 1526 immortales!
605 1486 702 1538 quid
731 1487 899 1526 interest
928 1486 1032 1525 inter
1052 1492 1205 1525 mentes
1235 1485 1439 1525 hominum
1461 1489 1510 1528 14

109 1563 151 1598 et
196 1558 482 1612 cogitationes!
540 1557 602 1597 Ita
649 1557 747 1596 mihi
789 1571 919 1597 meam
956 1557 1205 1596 voluntatem
1251 1570 1439 1609 spemque
1457 1572 1496 1601 35

108 1627 284 1680 reliquae
317 1628 425 1668 vitae
454 1634 587 1667 vestra
620 1627 836 1680 populique
865 1627 1034 1666 Romani
1068 1627 1311 1666 existimatio
1339 1640 1438 1666 com-

107 1698 261 1750 probet,
301 1705 348 1738 ut
394 1712 478 1752 ego,
518 1711 617 1750 quos
663 1698 793 1737 adhuc
831 1697 928 1736 mihi
975 1697 1232 1751 magistratus
1269 1697 1438 1749 populus

108 1770 312 1810 Romanus
345 1769 563 1818 mandavit,
594 1769 648 1808 sic
687 1782 752 1809 eos
780 1769 922 1821 accepi,
953 1775 1000 1808 ut
1027 1782 1090 1808 me
1119 1769 1296 1807 omnium
1324 1769 1438 1808 offici-

107 1854 222 1881 orum
259 1841 455 1895 obstringi
492 1840 683 1894 religione
721 1840 945 1880 arbitrarer.
1022 1839 1086 1879 Ita
1127 1846 1313 1891 quaestor
1350 1853 1436 1878 sum

107 1911 247 1959 factus,
269 1916 317 1950 ut
344 1911 443 1950 mihi
475 1910 589 1950 illum
618 1910 809 1950 honorem
838 1916 925 1949 tum
945 1922 1024 1949 non
1053 1909 1180 1949 solum
1199 1909 1339 1949 datum
1368 1909 1436 1949 sed

107 1982 229 2022 etiam
247 1981 444 2022 creditum
464 1987 505 2022 et
524 1981 777 2021 commissum
810 1986 994 2033 putarem
1007 1996 1018 2030 3
1060 1980 1114 2019 sic
1134 1980 1289 2020 obtinui
1322 1994 1436 2032 quac-

107 2058 260 2093 sturam
278 2053 321 2092 in
340 2052 475 2092 Sicilia
498 2052 713 2104 provincia,
735 2057 783 2090 ut
801 2051 979 2090 omnium
1008 2050 1140 2090 oeulos
1159 2051 1201 2089 in
1221 2064 1283 2090 me
1311 2064 1435 2089 unum

107 2124 304 2165 coniectos
323 2137 408 2164 esse
427 2124 653 2172 arbitrarer,
674 2129 721 2162 ut
741 2136 803 2162 me
823 2130 1156 2174 quaesturamque
1175 2135 1303 2161 meam
1323 2122 1435 2173 quasi

106 2195 150 2234 in
176 2194 311 2247 aliquo
344 2200 542 2234 terrarum
571 2193 676 2233 orbis
706 2193 863 2232 theatro
897 2193 1044 2232 versari
1079 2193 1358 2240 existimarem,
1390 2199 1436 2231 ut

107 2278 262 2318 semper
290 2265 432 2313 omnia,
459 2278 560 2317 quac
590 2263 764 2304 iucunda
794 2263 983 2303 videntur
1012 2276 1105 2311 esse,
1133 2277 1178 2302 ca
1208 2276 1286 2301 non
1317 2262 1435 2302 modo

108 2335 169 2375 his
195 2335 522 2376 extraordinariis
553 2335 839 2387 cupiditatibus
860 2334 929 2374 sed
950 2334 1070 2373 etiam
1101 2334 1173 2385 ipsi
1196 2340 1360 2372 naturae
1390 2347 1434 2372 ac

107 2408 333 2448 necessitati
379 2407 628 2460 denegarem.
698 2406 816 2445 Nune
862 2419 949 2445 sum
996 2405 1226 2458 designatus
1272 2403 1410 2443 aedilis
1426 2420 1435 2453 3
1453 2418 1490 2454 36
