1700 2729
130 1063 183 1091 151

131 1712 187 1741 152

209 237 253 270 62
509 236 565 270 M.
599 236 639 270 Τ.
669 235 961 270 CICERONIS
983 235 1248 271 ACTJONJS
1381 234 1535 281 [58.151

203 340 311 392 apud
332 340 502 392 »Scythas
521 339 704 387 dicerem,
727 353 807 378 non
833 339 895 378 hic
915 340 957 378 in
977 347 1090 378 tanta
1110 340 1370 380 multitudine
1389 340 1536 380 civium

204 411 486 458 Romanorum,
509 424 589 450 non
615 410 722 462 apud
748 417 961 458 senatores,
990 410 1224 450 lectissimos
1248 411 1434 459 civitatis,
1456 425 1537 451 non

203 482 246 520 in
278 482 365 520 foro
398 481 535 533 populi
569 481 749 528 Romani,
781 480 830 519 de
864 487 927 519 tot
960 487 1000 519 et
1034 487 1116 519 tam
1149 481 1299 520 acerbis
1333 481 1536 533 suppliciis

204 554 351 592 cim'um
397 554 679 600 Romanorum,
729 559 865 592 tamen
911 553 1063 592 animos
1110 553 1230 592 etiam
1277 554 1537 593 barbarorum

205 624 413 663 hominum
440 636 737 675 permoverem:
777 629 891 661 tanta
921 623 1027 662 enim
1060 623 1178 662 huius
1212 624 1368 676 imperii
1401 624 1537 676 ampli-

204 695 314 742 tudo,
355 700 469 733 tanta
507 693 678 733 nominis
717 693 888 732 Romani
925 694 1102 746 dignitas
1140 701 1201 733 est
1247 695 1354 746 apud
1401 708 1537 734 omnes

204 766 395 812 nationes,
436 771 483 804 ut
520 765 597 803 ista
634 765 676 802 in
719 770 875 804 nostros
918 765 1098 804 homines
1137 765 1350 804 crudelitas
1388 766 1538 804 nemini

205 850 386 876 concessa
425 850 508 875 esse
546 835 741 875 videatur.
814 835 933 875 Nunc
971 836 1045 874 tibi
1083 849 1157 889 ego
1194 836 1317 875 ullam
1355 835 1535 885 salutem,

204 909 331 948 ullum
368 907 597 960 perfugium
634 914 784 959 putem,
826 920 915 946 cum
954 914 995 946 te
1032 907 1282 959 implicatum
1324 908 1538 947 severitate

204 980 391 1027 iudicum,
433 979 747 1017 circumretitum
785 978 1011 1030 frequentia
1057 978 1195 1031 populi
1241 979 1412 1018 Romani
1454 992 1538 1018 esse

205 1051 392 1090 m‘deami.
449 1050 491 1090 Si
511 1049 834 1089 mehercule—id
861 1049 967 1101 quod
994 1050 1079 1089 fieri
1108 1063 1188 1089 non
1214 1063 1328 1102 posse
1347 1049 1538 1103 intellego

205 1136 310 1161 —ex
343 1122 404 1160 his
438 1128 478 1160 te
511 1121 663 1172 laqueis
697 1120 853 1160 exueris
887 1135 931 1159 ac
964 1126 1005 1160 te
1042 1121 1176 1172 aliqua
1209 1121 1273 1159 via
1306 1134 1351 1160 ac
1383 1121 1538 1160 ratione

206 1192 425 1245 explicariS,
456 1192 498 1230 in
526 1191 614 1230 illas
643 1191 717 1230 tibi
746 1191 914 1230 maiores
942 1191 1080 1244 plaga-s
1108 1191 1365 1230 incidendum
1394 1198 1465 1239 est,
1495 1191 1538 1230 in

205 1264 349 1316 quibus
370 1270 409 1302 te
429 1263 479 1301 ab
500 1262 639 1301 eodem
666 1275 729 1301 me
756 1262 957 1314 superiore
985 1275 1035 1301 ex
1061 1261 1146 1301 loco
1167 1262 1304 1301 confici
1324 1268 1365 1301 et
1385 1261 1538 1301 concidi

205 1348 361 1375 necesse
392 1340 461 1373 est.
521 1332 597 1372 Cui
626 1333 659 1371 si
693 1333 814 1372 etiam
847 1332 899 1381 id,
931 1332 1039 1384 quod
1072 1332 1266 1380 defendit,
1296 1332 1417 1372 velim
1451 1346 1538 1372 con-

205 1406 354 1453 cedere,
385 1412 520 1443 tamen
548 1404 633 1455 ipsa
666 1403 734 1442 illa
763 1403 861 1442 falsa
894 1403 1073 1442 defensio
1107 1416 1187 1442 non
1219 1403 1350 1442 minus
1384 1416 1468 1443 esse
1501 1404 1537 1442 ei

204 1476 423 1529 perniciosa
443 1488 563 1526 quam
582 1487 670 1514 mea
690 1487 783 1513 vera
803 1474 1000 1513 accusatio
1020 1473 1174 1513 debeat.

260 1547 365 1596 Quid
392 1546 498 1585 enim
523 1545 735 1584 defendit?
764 1558 815 1584 ex
838 1544 1034 1596 Hispania
1053 1545 1254 1597 fugientes
1277 1558 1318 1584 se
1338 1545 1536 1597 excepisse

205 1626 246 1659 et
279 1618 471 1670 supplicio
503 1617 695 1655 adfecisse
729 1616 836 1655 dicit.
897 1615 994 1665 Quis
1028 1616 1103 1655 tibi
1136 1616 1178 1655 id
1210 1616 1420 1668 permisit?
1457 1630 1537 1668 quo

204 1692 289 1730 iure
322 1689 481 1729 fecisti?
523 1688 611 1739 quis
645 1687 752 1727 idem
784 1687 908 1726 fecit?
951 1688 1020 1738 qui
1053 1687 1128 1726 tibi
1161 1687 1203 1726 id
1235 1687 1364 1726 facere
1396 1687 1538 1728 licuit?

204 1763 336 1802 forum
364 1761 527 1812 plenum
557 1767 598 1798 et
625 1758 806 1797 basilicas
834 1759 1003 1797 istorum
1036 1758 1244 1797 hominum
1271 1758 1465 1807 videmus,
1496 1764 1538 1798 et

203 1834 336 1872 animo
369 1844 496 1882 aequo
529 1830 721 1869 videmus.
792 1829 932 1869 Civilis
966 1829 1071 1868 enim
1104 1829 1360 1868 dissensionis
1393 1835 1435 1868 et
1466 1842 1538 1869 seu

203 1903 400 1943 amentiae
435 1915 505 1940 seu
537 1901 610 1939 fati
644 1913 714 1939 seu
748 1899 983 1939 calamitatis
1017 1913 1098 1939 non
1135 1906 1196 1939 est
1232 1901 1308 1939 iste
1345 1900 1537 1940 molestus

205 1976 347 2023 exitus,
378 1974 420 2012 in
449 1986 528 2024 quo
561 1971 734 2023 reliquos
768 1971 909 2010 saltem
943 1972 1046 2010 cives
1079 1971 1296 2010 incolumes
1328 1971 1422 2011 licet
1450 1985 1537 2011 con-

204 2059 384 2087 servare:
431 2044 585 2091 Verres,
625 2042 692 2082 ille
729 2048 846 2081 vetus
884 2042 1066 2093 proditor
1103 2041 1284 2090 consulis,
1320 2042 1538 2082 translator

204 2123 452 2170 quaesturae,
475 2127 635 2154 aversor
660 2113 850 2165 pecuniae
876 2113 1068 2165 publicae,
1096 2119 1256 2152 tantum
1276 2112 1351 2151 sibi
1370 2113 1537 2152 auctori-

204 2190 300 2229 tatis
337 2188 379 2226 in
417 2201 458 2225 re
496 2185 653 2237 publica
691 2184 874 2236 suscepit,
914 2190 971 2232 ut,
1012 2183 1156 2235 quibus
1198 2183 1424 2222 hominibus
1465 2197 1537 2235 per

204 2266 397 2307 senatum,
426 2271 497 2309 per
524 2255 718 2308 populum
747 2256 982 2302 Romanum,
1013 2268 1084 2306 per
1113 2268 1249 2294 omnes
1278 2254 1536 2307 magistratus

204 2333 245 2370 in
279 2331 376 2378 foro,
412 2329 453 2367 in
487 2326 695 2379 suffragiis,
731 2326 773 2364 in
806 2325 879 2364 hae
911 2325 1020 2372 urbe,
1051 2325 1093 2363 in
1126 2338 1168 2364 re
1201 2325 1359 2377 publiea
1386 2325 1535 2364 versari

204 2403 350 2449 liceret,
374 2400 429 2439 eis
450 2398 633 2438 omnibus
662 2403 832 2436 mortem
861 2396 1043 2435 acerbam
1072 2395 1350 2447 crudelemque
1368 2409 1536 2448 propon-

206 2480 300 2520 eret,
324 2472 355 2510 si
376 2471 537 2510 fortuna
566 2481 632 2508 eos
661 2467 712 2507 ad
741 2467 914 2519 aliquam
943 2472 1099 2519 partem
1128 2466 1284 2506 Siciliae
1312 2465 1532 2506 detulisset.
