1674 2729
95 221 151 259 32.
165 218 226 265 84]
277 221 344 255 IN
366 221 553 256 GAIUM
584 221 812 256 VERREM
836 222 1140 258 SECUNDAE
1166 225 1264 259 ldlB.
1295 226 1330 260 Γ.
1382 235 1423 270 33

97 323 271 372 haberet,
311 324 343 363 si
383 338 461 363 non
501 331 702 376 tamquam
737 326 878 373 virum,
913 333 956 365 at
990 333 1192 378 tamqnam
1225 328 1423 368 aemulum

95 395 339 434 removisset.

148 465 308 518 Accipit
326 479 447 505 naves
467 466 661 505 sociorum
681 473 802 518 atque
821 467 1038 506 amicorum
1059 468 1289 508 Cleomenes
1310 470 1425 521 Syra-
1443 473 1495 512 32

95 548 275 575 cusanus.
334 535 439 585 Quid
460 537 631 588 primum
652 544 723 576 aut
742 551 919 576 accusem
940 544 1011 577 aut
1030 542 1194 589 querar?
1241 540 1424 580 Siculone
1443 551 1481 588 83

96 605 247 645 homini
284 605 418 659 legati,
458 607 690 657 quaestoris,
731 608 924 659 praetoris
961 608 1132 659 <lenique
1170 615 1421 660 potestatem,

94 676 296 725 honorem,
327 677 607 716 auctoritatem
637 678 722 717 dari
740 681 752 718 ’.ἲ
809 679 849 717 Si
886 685 924 717 tc
959 679 1201 731 impediebat
1233 681 1309 719 ista
1338 695 1424 721 con—

93 746 293 786 viviorum
326 747 616 798 mulierumque
651 748 867 800 occupatio,
904 749 971 787 ubi
1010 753 1267 800 quaestores?
1342 751 1422 790 Ubi

93 817 246 871 legati?
291 817 392 872 [Ubi
413 819 536 858 ternis
556 818 729 858 denariis
748 820 1003 858 aestimatum
1023 820 1293 860 frumentum?
1340 822 1422 861 Ubi

92 888 220 929 muli?
276 888 358 928 Ubi
396 889 679 929 tabernacula?
746 889 826 928 Ubi
866 896 928 929 tot
966 897 1155 941 tantaque
1189 898 1422 932 ornamenta

92 960 392 1013 magistratibus
439 966 481 999 ct
526 960 667 1013 legatis
714 974 737 999 a
783 967 925 1000 senatu
970 961 1195 1013 populoque
1242 963 1421 1003 Romano

91 1031 283 1082 permissa
302 1037 344 1070 et
361 1030 457 1069 data
473 1029 502 1084 2]
560 1031 741 1082 Denique
762 1031 829 1069 ubi
850 1031 1050 1082 praefecti,
1074 1032 1141 1070 ubi
1162 1033 1311 1071 tribuni
1333 1034 1391 1072 tui
1409 1036 1422 1073 2

90 1101 134 1142 Si
149 1102 246 1141 civis
266 1102 469 1141 Romanus
489 1102 634 1155 dignus
654 1103 731 1141 isto
761 1103 921 1155 negotio
951 1116 1066 1142 nemo
1095 1103 1183 1152 fuit,
1206 1104 1302 1155 quid
1331 1105 1421 1143 civi-

91 1178 205 1221 tates,
241 1186 342 1224 quae
379 1173 421 1211 in
458 1172 633 1211 amicitia
666 1172 822 1224 fideque
855 1172 991 1224 populi
1025 1173 1194 1212 Romani
1227 1181 1420 1226 perpetuo

90 1246 347 1283 manserant?
430 1242 511 1282 Ubi
559 1243 787 1296 Segestana,
827 1243 896 1282 ubi
944 1243 1205 1296 Centuripina
1251 1245 1420 1285 civitas?

89 1313 200 1364 Quae
233 1327 323 1353 cum
356 1314 502 1362 officiis,
537 1313 626 1361 fide,
662 1319 874 1362 vetustate,
911 1320 998 1352 tum
1031 1315 1152 1353 etiam
1185 1316 1419 1368 cognatione

88 1384 281 1438 populum
310 1385 535 1424 Romanum
563 1385 781 1437 attingunt.
842 1384 875 1424 O
895 1384 937 1423 di
960 1385 1226 1424 immortales!
1283 1386 1388 1435 Quid
1407 1389 1420 1426 2
1437 1403 1475 1439 8⁴

88 1454 132 1495 Si
160 1455 303 1494 harum
330 1455 507 1507 ipsarum
535 1455 746 1494 civitatum
774 1454 979 1503 militibus,
1002 1455 1179 1503 navibus,
1211 1457 1419 1496 nauarchis

88 1525 362 1578 Syracusanus
396 1525 628 1565 Cleomenes
667 1525 796 1563 iussus
835 1530 896 1564 est
933 1525 1138 1577 imperare,
1174 1539 1254 1566 non
1291 1528 1418 1566 omnis

88 1596 213 1636 honos
241 1597 292 1635 ab
319 1597 397 1636 isto
416 1596 636 1649 dignitatis,
658 1595 871 1646 aequitatis
900 1596 1093 1647 officiique
1121 1596 1301 1636 sublatus
1330 1600 1419 1638 est?

87 1666 251 1718 Ecquod
271 1666 312 1705 in
332 1666 466 1706 Sicilia
493 1665 642 1706 bellum
661 1666 855 1719 gessimus
874 1666 971 1717 quin
991 1666 1262 1718 Centuripinis
1290 1669 1414 1716 sociis,

87 1737 347 1790 Syracusanis
393 1737 575 1777 hostibus
622 1739 854 1776 uteremur‘l
927 1737 1063 1788 Atque
1106 1751 1178 1790 ego
1226 1738 1321 1777 haee
1365 1739 1417 1778 ad

87 1809 318 1848 memoriam
337 1809 562 1856 vetustatis,
585 1821 664 1847 non
693 1807 745 1846 ad
773 1807 1053 1846 contumeliam
1076 1808 1249 1848 civitatis
1277 1809 1416 1849 referri

86 1879 187 1919 volo.
257 1879 400 1931 Itaque
433 1879 499 1918 ille
532 1879 594 1917 vir
627 1878 865 1917 clarissimus
898 1892 1154 1930 summusque
1186 1880 1412 1932 imperator,

86 1949 141 1989 M.
163 1949 388 1998 Marcellus,
406 1950 517 1989 cujus
537 1949 687 1989 virtute
708 1954 856 2000 captae,
873 1949 1142 1988 misericordia
1161 1956 1414 1990 conservatae

85 2025 181 2060 sunt
199 2020 429 2074 Syracusae,
452 2020 632 2059 habitare
660 2019 700 2058 in
732 2033 777 2058 ea
805 2026 918 2070 parte
937 2019 1057 2067 urbis,
1080 2033 1180 2070 quae
1209 2020 1250 2058 in
1279 2020 1415 2060 Insula

85 2096 157 2140 est,
187 2091 483 2143 Syracusanum
516 2090 715 2130 neminem
744 2089 894 2129 voluit:
934 2089 1062 2137 hodie,
1093 2089 1266 2140 inquam,
1298 2090 1413 2143 Syra-

85 2174 276 2200 cusanum
303 2161 345 2200 in
375 2175 420 2200 ca
448 2166 561 2213 parte
590 2161 769 2199 habitare
799 2173 877 2198 non
907 2159 1008 2198 licet.
1067 2159 1139 2198 Est
1159 2161 1264 2199 enim
1292 2160 1410 2208 locus,

85 2244 205 2283 quem
224 2231 287 2272 vel
306 2232 421 2284 pauci
441 2232 595 2284 possint
613 2231 838 2270 defendere.
898 2230 1158 2270 Committcre
1178 2231 1302 2283 igitur
1321 2245 1411 2271 eum

84 2315 164 2341 non
184 2301 423 2342 fidelissimis
451 2301 677 2341 hominibus
707 2301 845 2349 noluit,
868 2300 985 2339 simul
1005 2300 1112 2352 quod
1134 2301 1184 2339 ab
1203 2301 1271 2340 illa
1299 2308 1412 2353 parte

83 2372 194 2411 urbis
213 2372 380 2412 navibus
399 2371 533 2411 aditus
548 2385 599 2411 ex
617 2371 699 2411 alto
715 2377 784 2411 est.
844 2370 971 2419 Quam
991 2371 1041 2410 ob
1057 2384 1150 2419 rem,
1168 2371 1235 2422 qui
1257 2377 1411 2411 nostros

85 2443 283 2482 exercitus
311 2456 427 2494 saepe
456 2441 716 2489 excluserant,
739 2442 794 2480 eis
823 2441 994 2480 claustra
1024 2440 1096 2479 loci
1126 2441 1410 2481 committenda
