1700 2729
195 211 241 246 74
494 205 548 239 M.
583 205 621 239 T.
652 205 942 241 CICERONIS
965 205 1233 241 ACTJONJS
1374 202 1529 250 [69.178

195 313 317 359 atque
354 308 559 348 inclinatio
598 316 823 362 temporum
860 335 913 340 -—
951 323 1092 362 nempe
1131 323 1187 358 eo,
1229 323 1317 348 cum
1359 308 1532 362 populus

197 379 401 419 Romanus
429 380 538 419 aliud
571 394 696 434 genus
729 381 937 421 hominum
970 387 1091 433 atque
1120 381 1242 420 alium
1272 380 1453 420 ordinem
1480 378 1533 419 ad

199 464 260 490 res
279 451 511 491 iudicandas
531 453 699 504 requirit
713 468 723 502 ,-
752 466 894 505 nempe
914 453 1001 506 lege
1016 452 1066 492 de
1082 452 1238 492 iudiciis
1258 451 1535 503 iudicibusque

200 523 313 562 110de
332 522 594 576 promulgata.
655 523 783 573 Quam
803 537 883 563 non
911 524 944 563 is
973 523 1254 577 promulgavit,
1277 536 1355 575 quo
1375 522 1536 562 nomine

200 595 462 647 proscriptam
495 595 652 643 videtis,
689 595 758 635 sed
791 595 855 634 hic
887 609 977 635 reus
991 611 1002 645 3
1044 595 1118 643 hic,
1154 595 1328 646 inquam,
1363 608 1436 634 sua
1467 607 1537 647 spe

201 670 323 717 atque
338 665 534 717 opinione,
550 678 670 717 quam
682 664 732 704 de
745 665 857 705 vobis
872 665 1003 715 habet,
1021 665 1151 719 legem
1164 664 1274 704 illam
1289 664 1538 704 scribendam
1567 678 1571 683 ·

129 748 184 785 178
203 736 614 790 promulgandamque
663 737 827 776 curavit.
916 737 1058 789 Itaque
1107 750 1197 776 cum
1244 736 1374 789 primo
1421 748 1539 789 agere

204 808 415 861 coepimus,
459 807 526 847 lex
572 821 652 848 non
695 814 781 848 erat
826 807 1079 861 promulgata
1092 823 1103 857 3
1154 821 1244 847 cum
1289 807 1366 847 iste
1407 811 1542 846 vestra

206 879 418 919 severitate
455 885 661 932 permotus
698 879 825 918 multa
863 880 977 933 signa
1009 879 1185 927 dederat,
1221 891 1341 930 quam
1374 877 1425 918 ob
1456 890 1542 917 rem

206 964 467 1003 responsurus
505 965 585 990 non
617 950 833 1000 videretur,
869 951 1021 991 mentio
1053 950 1104 990 de
1136 950 1224 1003 lege
1257 949 1367 989 nulla
1398 948 1542 989 fiebat:

207 1029 346 1076 postea
365 1036 484 1075 quam
504 1023 580 1062 iste
600 1023 767 1062 recreari
787 1028 828 1062 et
848 1022 1071 1062 confirmari
1090 1021 1199 1061 visus
1219 1026 1290 1070 est,
1312 1020 1379 1060 lex
1406 1019 1544 1059 statim

208 1094 462 1148 promulgata
491 1099 560 1134 est.
621 1093 696 1134 Cui
721 1093 801 1147 legi
830 1107 919 1133 cum
938 1099 1072 1133 vestra
1092 1093 1268 1146 dignitas
1287 1092 1546 1132 vehementer

210 1166 455 1215 adversetur,
477 1166 593 1205 istius
614 1179 701 1218 spes
722 1165 821 1205 falsa
841 1171 882 1205 et
900 1165 1067 1218 insignis
1095 1163 1346 1216 impudentia
1373 1162 1546 1202 maxime

211 1238 462 1291 suffragatur.
540 1237 617 1276 Hie
660 1237 693 1275 si
731 1236 829 1288 quid
871 1237 949 1276 erit
990 1236 1243 1275 commissum
1285 1249 1308 1274 a
1345 1247 1546 1286 quoquam

212 1315 392 1348 vestrum
448 1308 555 1360 quod
610 1307 936 1360 reprehendatur,
994 1313 1065 1346 aut
1118 1306 1288 1359 populus
1344 1306 1548 1345 Romanus

213 1380 407 1420 iudicabit
425 1379 475 1419 de
505 1393 550 1419 eo
579 1379 749 1428 homine,
776 1392 894 1431 quem
923 1379 1002 1418 iam
1030 1384 1124 1417 ante
1152 1377 1308 1416 iudiciis
1336 1376 1548 1430 indignum

215 1452 378 1505 putarit,
418 1456 489 1490 aut
527 1451 572 1499 ei,
614 1451 682 1503 qui
724 1457 887 1503 propter
927 1450 1184 1489 offensionem
1226 1448 1464 1487 iudiciorum
1501 1446 1552 1486 de

215 1523 418 1562 veteribus
447 1522 644 1561 iudicibus
672 1522 759 1574 lege
779 1535 883 1561 nova
902 1521 995 1560 novi
1023 1519 1172 1559 iudices
1193 1524 1311 1559 erunt
1330 1517 1549 1558 constituti.

147 1599 199 1638 ’70
217 1594 322 1633 Mihi
340 1606 469 1646 porro,
491 1598 538 1631 ut
558 1606 631 1645 ego
651 1606 731 1632 non
751 1591 890 1640 dicam,
914 1591 1001 1643 quis
1022 1590 1200 1630 omnium
1223 1588 1453 1629 mortalium
1471 1601 1553 1627 non

145 1678 200 1707 179
217 1665 418 1718 intellegit
446 1677 566 1716 quam
594 1663 712 1717 longe
741 1662 927 1716 progredi
947 1662 1001 1702 sit
1020 1664 1207 1702 neeesse2
1258 1660 1405 1700 Potero
1425 1658 1551 1708 silere,

220 1736 423 1784 Hortensi,
468 1742 608 1788 potero
650 1734 909 1782 dissimulare,
956 1747 1046 1772 eum
1088 1738 1247 1772 tantum
1289 1745 1352 1771 res
1397 1730 1556 1784 publica

220 1808 363 1847 volnus
393 1807 599 1859 acceperit,
632 1812 680 1845 ut
710 1805 908 1858 expilatae
939 1804 1176 1857 provinciae,
1210 1803 1347 1842 vexati
1376 1802 1482 1850 socii,
1514 1800 1557 1840 di

222 1878 465 1919 immortales
485 1878 655 1931 spoliati,
678 1878 782 1917 cives
811 1877 981 1916 Romani
1002 1876 1166 1915 cruciati
1186 1881 1227 1914 et
1246 1874 1375 1914 necati
1394 1874 1558 1926 impune

223 1965 286 1991 me
305 1956 439 1990 actore
459 1963 543 1989 esse
562 1949 804 1989 videantur?
833 1954 973 2001 potero
993 1961 1067 2000 ego
1087 1947 1160 1986 hoc
1181 1959 1279 1985 onus
1309 1949 1469 1984 tantum
1487 1948 1560 1983 aut

225 2023 267 2061 in
285 2023 359 2061 hoc
378 2021 525 2060 iudicio
545 2020 743 2073 deponere
763 2025 834 2059 aut
853 2019 998 2058 tacitus
1018 2018 1213 2058 sustinere
1230 2019 1243 2056 2
1271 2030 1352 2056 non
1370 2013 1561 2069 agitanda

225 2107 287 2133 res
308 2093 412 2133 erit?
445 2106 525 2132 non
550 2093 593 2131 in
612 2091 790 2131 medium
817 2089 1084 2143 proferenda?
1117 2102 1197 2128 non
1225 2087 1363 2140 populi
1390 2085 1562 2126 Romani

227 2165 324 2204 fides
344 2163 593 2216 imploranda
610 2166 622 2203 2
651 2177 731 2202 non
752 2175 898 2210 omnes,
917 2161 985 2213 qui
1006 2166 1120 2200 tanto
1140 2173 1181 2199 se
1200 2159 1346 2199 scelere
1366 2157 1563 2197 obstrinx-

228 2242 356 2285 erunt,
378 2242 426 2275 ut
444 2241 515 2275 aut
534 2235 654 2274 fidem
673 2248 785 2274 suam
805 2233 1004 2285 corrumpi
1029 2236 1263 2285 paterentur
1282 2235 1354 2270 aut
1371 2228 1563 2269 iudicium

156 2322 212 2350 180
229 2312 537 2360 corrumperent,
568 2307 610 2345 in
638 2305 851 2344 discrimen
878 2318 923 2343 ae
950 2303 1142 2342 iudicium
1169 2300 1367 2341 vocandi‘l
1397 2303 1563 2351 quaeret

229 2379 372 2431 aliquis
405 2379 594 2418 fortasse:
638 2381 868 2416 ‘tantumne
901 2375 1026 2428 igitur
1058 2374 1244 2422 laborem,
1276 2377 1409 2412 tantas
1436 2369 1565 2410 inimi-

232 2451 343 2491 cit-ias
378 2456 438 2490 tot
471 2450 678 2489 hominum
711 2455 966 2500 suscepturus
1001 2449 1070 2487 es?
1084 2446 1090 2461 ²
1125 2460 1204 2486 non
1238 2444 1372 2484 studio
1405 2442 1566 2495 quidem
