1674 2729
69 237 200 285 16.41]
248 239 316 273 JAV
339 237 525 273 GAlwl
557 236 785 270 VERREM
809 237 1113 272 §Ecczwmrz
1140 240 1237 274 l.ll›¹.
1266 241 1300 274 1(
1365 250 1402 283 17

68 343 300 386 Chelidonis
318 342 482 382 domum
506 347 733 393 praeturam
755 348 880 380 totam
904 341 1095 381 detulisti.
1154 344 1298 383 Secuta
1322 359 1405 397 pro·
1425 366 1463 395 39

69 415 200 456 vincia
227 419 310 455 est:
339 414 381 453 in
401 426 480 465 qua
500 426 703 464 uunquam
727 413 798 451 tibi
820 413 931 452 veuit
959 413 998 452 iu
1021 422 1207 462 mentem,
1231 429 1307 454 non
1334 417 1405 456 tibi

68 485 215 527 idcirco
242 485 367 525 fasces
386 498 430 524 ac
459 497 614 523 secures
644 490 684 523 et
706 490 859 522 tautam
889 484 1042 536 imperii
1073 485 1153 524 vim
1175 493 1406 538 tantamque

69 562 394 598 ornamentorum
414 555 591 595 omnium
612 554 851 608 dignitatem
876 554 1022 603 datam,
1045 564 1091 595 ut
1111 570 1245 596 earnm
1275 571 1406 597 rerum

70 629 111 670 vi
148 634 191 669 et
225 627 464 668 auctoritate
503 627 636 665 omnia
675 625 863 679 repagula
897 626 1060 678 pudoris
1098 628 1290 680 officiique
1325 643 1407 681 per-

69 700 274 754 fringereS,
291 704 339 738 ut
353 698 531 737 omnium
547 697 651 736 bona
667 697 855 749 praedam
872 704 982 736 tuam
1002 697 1176 747 duceres,
1199 706 1245 738 ut
1261 699 1407 738 nullius

69 784 133 812 res
161 776 261 819 tuta,
287 769 435 809 nullius
464 768 606 808 domus
630 768 771 816 clausa,
806 768 952 807 nullius
976 769 1060 808 vita
1084 776 1231 822 saepta,
1261 770 1407 810 nullius

71 841 264 896 pudicitia
305 841 460 880 munita
499 846 637 879 contra
675 846 785 878 tuam
824 839 1086 890 cupiditatem
1124 846 1165 879 et
1201 840 1406 880 audaciam

70 919 206 966 posset
238 925 347 960 esse;
376 911 416 950 in
451 924 528 962 qua
562 916 610 948 ut
644 915 683 948 te
717 910 773 948 ita
806 910 975 962 gessisti,
1012 917 1068 957 ut,
1101 911 1284 950 omnibus
1318 925 1407 951 cum

71 990 232 1024 teneare
260 982 390 1030 rebus,
420 981 471 1020 ad
506 980 654 1020 bellum
689 980 952 1033 fugitivorum
987 981 1191 1034 confugias
1207 998 1216 1031 3
1245 996 1295 1021 ex
1329 996 1407 1034 quo

70 1056 151 1096 iam
187 1053 389 1107 intellegis
427 1066 507 1092 non
555 1051 674 1091 modo
713 1051 863 1090 nullam
911 1052 983 1090 tibi
1022 1051 1295 1093 defensionem
1338 1053 1407 1093 sed

70 1126 287 1166 maximam
315 1125 398 1164 vim
418 1124 629 1163 eriminum
659 1129 863 1162 exortam:
894 1124 968 1162 nisi
990 1123 1093 1163 forte
1124 1124 1253 1163 Italici
1274 1125 1407 1178 fugiti-

71 1210 213 1237 vorum
231 1195 325 1236 belli
346 1195 533 1247 reliquias
553 1201 674 1246 atque
694 1193 795 1232 illud
824 1194 1092 1246 Tempsanum
1113 1195 1407 1235 incommodum

70 1267 258 1322 proferes,
298 1266 349 1306 ad
387 1265 495 1318 quod
533 1278 668 1305 recens
706 1278 795 1303 cum
835 1270 874 1304 te
913 1271 1207 1317 peropportune
1246 1266 1407 1306 fortuna

71 1338 284 1387 attulisset,
316 1338 349 1377 si
378 1336 475 1389 quid
510 1337 550 1375 in
581 1342 620 1375 te
650 1336 812 1375 virtutis
842 1338 913 1375 aut
941 1335 1161 1376 industriae
1191 1337 1404 1385 habuisses,

70 1410 179 1451 idem
198 1409 267 1462 qui
286 1421 442 1462 semper
464 1408 596 1447 fueras
617 1407 804 1447 inventus
834 1420 884 1446 es.
944 1406 1045 1446 Cum
1066 1407 1117 1446 ad
1143 1413 1182 1447 te
1202 1407 1405 1448 Valentini
1429 1416 1478 1455 16

72 1481 277 1521 venissent
305 1486 347 1520 et
374 1492 446 1532 pro
476 1479 531 1519 eis
560 1478 679 1517 homo
707 1477 881 1517 disertus
910 1491 954 1517 ac
984 1478 1138 1526 nobilis,
1161 1478 1215 1518 M.
1239 1478 1402 1527 Marius,
1425 1499 1463 1526 40

71 1552 313 1604 loqueretur,
354 1557 401 1590 ut
448 1550 655 1603 negotium
702 1549 930 1601 suscipereS,
972 1555 1029 1597 ut,
1070 1563 1160 1588 011111
1206 1563 1326 1602 penes
1365 1555 1404 1590 te

72 1622 317 1676 praetorium
353 1621 565 1674 imperium
601 1633 646 1659 ac
680 1633 824 1659 nomen
862 1625 975 1667 esset,
1011 1619 1062 1659 ad
1099 1619 1207 1659 illam
1240 1634 1403 1672 parvam

72 1707 235 1734 manum
263 1691 597 1746 exstinguendam
625 1690 767 1730 ducem
788 1697 827 1730 te
856 1691 1153 1743 principemque
1182 1691 1401 1743 praeberes,

72 1777 152 1804 non
180 1763 300 1804 modo
327 1763 370 1802 id
397 1762 592 1815 refugisti,
615 1761 684 1800 sed
714 1774 760 1800 00
786 1761 871 1813 ipso
901 1767 1089 1813 tempore,
1112 1775 1201 1800 cum
1230 1775 1333 1801 esses
1361 1763 1403 1802 in

70 1835 199 1884 litore,
230 1834 367 1874 Tertia
394 1833 462 1872 illa
490 1839 570 1881 tua,
593 1845 712 1884 quam
742 1838 788 1871 tu
816 1838 949 1871 tecum
977 1831 1219 1884 deportaraS,
1248 1840 1334 1872 erat
1361 1833 1402 1872 in

72 1907 251 1948 omnium
274 1911 511 1958 eonspectu3
539 1904 634 1956 ipsis
662 1909 796 1942 autem
817 1903 1053 1952 Valentinis,
1076 1917 1126 1943 ex
1155 1909 1237 1943 tam
1256 1904 1401 1943 illustri

71 1978 275 2029 nobilique
311 1976 537 2028 municipio,
574 1974 697 2014 tantis
729 1974 780 2013 dc
818 1974 935 2014 rebus
972 1987 1204 2026 responsum
1241 1974 1398 2023 dedisti,

72 2063 163 2090 cum
190 2061 294 2089 esses
314 2061 404 2088 eum
433 2047 567 2087 tunica
586 2045 694 2098 pulla
723 2051 764 2085 et
783 2045 912 2097 pallio.
972 2045 1077 2094 Quid
1106 2045 1210 2084 hune
1232 2045 1401 2097 proficis-

72 2125 239 2168 centem,
278 2118 375 2171 quid
413 2118 454 2157 in
491 2118 576 2170 ipsa
613 2116 816 2169 provincia
854 2116 991 2156 fecisse
1031 2116 1278 2164 existimatis,
1319 2116 1398 2167 qui,

73 2205 163 2232 cum
190 2191 270 2230 iam
289 2203 340 2230 ex
362 2189 565 2242 provincia
585 2202 664 2228 non
683 2187 734 2227 ad
764 2188 1012 2240 triumphum
1033 2187 1102 2227 sed
1130 2187 1181 2226 ad
1209 2186 1400 2226 iudicium

72 2260 293 2309 decederet,
325 2273 374 2300 ne
406 2260 516 2299 illam
544 2259 706 2311 quidem
739 2259 944 2298 infamiam
978 2258 1136 2311 fugerit,
1168 2271 1286 2309 quam
1315 2258 1399 2297 sine

29 2346 36 2350 “
72 2332 155 2372 ulla
181 2332 389 2384 voluptate
417 2331 625 2383 capiebat?
681 2330 715 2370 O
744 2330 880 2369 divina
913 2335 1073 2369 senatus
1106 2329 1325 2380 frequentis
1358 2329 1399 2368 in
1417 2350 1453 2377 41

72 2403 170 2444 aede
203 2402 390 2443 Bellonae
422 2401 761 2441 admurmuratio!
818 2400 1012 2440 Memoria
1046 2399 1201 2447 tenetis,
1237 2398 1396 2448 iudices,

73 2487 163 2514 cum
182 2473 527 2526 advesperasceret
549 2478 590 2512 et
609 2472 742 2524 paullo
771 2478 864 2511 ante
884 2477 987 2511 esset
1006 2470 1055 2510 de
1086 2470 1157 2509 hoc
1177 2469 1398 2523 Tempsano

727 2552 751 2581 B
