1674 2729
81 216 189 264 511]
238 219 305 253 IN
327 218 517 254 GAJUM
547 218 775 252 VERREM
800 219 1103 254 .s·l?C(JA'l)Alc
1129 221 1227 254 LIB.
1256 221 1291 255 Γ.
1392 231 1407 265 5

80 322 199 372 diem,
239 321 429 362 damnati.
507 322 613 371 Quid
655 322 829 362 deiude?
876 323 971 374 quid
1015 324 1211 364 censetis‘l
1258 325 1454 368 furtun15

80 392 248 433 fortasse
280 398 352 431 aut
383 392 571 445 praedam
605 393 844 445 exspectatis
874 393 1057 444 aliquam.
1118 393 1253 434 Nolite
1286 408 1410 446 usquc

80 476 237 516 quaque
269 462 375 503 idem
409 477 620 515 quaerere:
666 464 705 503 in
740 470 850 504 metu
883 463 976 503 belli
1011 464 1169 503 furandi
1205 465 1310 504 locus
1344 466 1411 517 qui

79 541 214 589 potest-
229 537 341 575 esse?
369 535 488 575 etiam
510 536 635 587 siqua
655 536 733 574 fuit
748 536 787 574 in
810 536 881 574 hac
901 549 942 574 re
958 537 1118 583 occ-asin,
1137 538 1413 588 praetermissa

80 612 150 647 est.
219 606 323 646 Tum
354 607 488 659 potuit
517 621 540 646 a
571 607 748 646 Leonida
778 621 1031 646 nummorum
1061 607 1212 659 aliquid
1243 608 1409 656 auferre,

79 691 170 719 cum
180 675 455 727 denuntiavit,
477 685 524 718 ut
543 678 724 728 adcssct;
757 679 836 718 fuit
855 679 1092 718 nundinatio
1120 679 1262 731 aliqua,
1285 686 1326 719 et
1346 680 1411 719 isti

79 762 160 790 non
202 762 316 798 nova,
361 762 411 789 ne
453 763 610 789 causam
652 750 855 799 dicerent;
902 750 1022 789 etiam
1063 749 1165 789 alter
1205 750 1324 799 locus,
1366 758 1412 790 ut

78 819 403 860 absolverentur:
450 820 649 860 damnatis
687 820 848 872 quidem
891 821 1014 860 servis
1053 834 1152 872 quae
1194 821 1410 873 praedandi

78 897 213 945 potest
250 905 334 932 esse
372 892 504 932 ratio?
549 892 714 944 produci
760 892 811 931 ad
853 892 1089 944 supplicium
1136 906 1292 932 necesse
1338 899 1407 932 cst.

79 962 218 1002 Testes
246 962 353 1003 enim
381 969 486 1011 sunt,
517 963 585 1014 qui
614 963 655 1001 in
685 962 848 1002 consilio
876 963 1050 1010 fuerunt,
1082 969 1203 1002 testes
1232 963 1410 1015 publicae

79 1035 248 1084 tabulae,
290 1035 405 1076 testis
445 1035 765 1088 splendidissima
805 1036 945 1075 civitas
984 1035 1256 1088 Lilybaetana,
1298 1037 1411 1075 testis

78 1105 380 1146 honestissimus
409 1106 685 1158 maximusque
706 1111 925 1145 conventus
953 1106 1099 1144 civium
1129 1106 1407 1146 Romanorum.

77 1177 184 1218 Fieri
210 1176 310 1216 nihil
338 1183 493 1230 potest:
528 1177 773 1230 producendi
802 1183 906 1217 sunt.
966 1177 1107 1228 Itaque
1136 1177 1411 1229 producuntur

78 1254 119 1288 et
154 1247 206 1288 ad
243 1247 379 1300 palum
415 1248 656 1302 adligantur.
733 1248 867 1287 Etiam
905 1261 1009 1287 nunc
1047 1248 1144 1287 mihi
1183 1255 1410 1300 exspectare

77 1318 279 1368 videmini,
310 1319 470 1367 iudices,
502 1318 599 1371 quid
628 1318 772 1358 deinde
802 1319 951 1358 factum
980 1319 1043 1367 sit,
1071 1318 1178 1370 quod
1207 1319 1282 1358 iste
1311 1319 1409 1358 nihil

76 1402 254 1442 unquam
281 1390 377 1430 fecit
404 1391 489 1429 sine
516 1389 650 1442 aliquo
674 1396 843 1442 quaestu
870 1395 991 1441 atque
1019 1389 1175 1442 praeda.
1235 1389 1340 1439 Quid
1369 1390 1409 1429 in

77 1460 161 1500 eius
189 1459 298 1500 modi
326 1474 368 1501 re
389 1461 473 1501 fieri
502 1461 665 1513 potuit?
693 1461 800 1512 quod
829 1460 1080 1500 commodum
1104 1466 1164 1500 est
1183 1466 1409 1512 exspectate

77 1531 230 1571 facinus
263 1545 383 1584 quam
416 1532 536 1572 voltis
574 1532 810 1584 improbum,
847 1533 1002 1571 vincam
1041 1537 1174 1571 tamen
1212 1538 1410 1584 exspecta-

77 1603 228 1642 tionem
243 1603 445 1643 omnium:
467 1603 646 1642 homines
667 1603 822 1642 sceleris
843 1603 1203 1654 coniurationisque
1218 1602 1406 1650 damuati,

75 1673 127 1713 ad
160 1673 399 1726 supplicium
433 1673 582 1722 traditi,
613 1673 664 1713 ad
698 1673 832 1726 palum
865 1673 1042 1726 adligati,
1078 1679 1240 1725 repente
1272 1672 1409 1712 multis

39 1732 41 1734 Ι
76 1745 238 1785 milibus
265 1745 473 1785 hominum
501 1745 816 1798 inspectantibus
845 1744 966 1784 soluti
996 1750 1090 1783 sunt
1118 1750 1159 1784 et
1186 1743 1408 1784 Triocalino

75 1815 134 1855 illi
153 1815 315 1856 domino
336 1815 494 1856 redditi.

131 1886 238 1936 Quid
266 1887 340 1927 hoc
368 1886 454 1927 loco
482 1893 596 1939 potes
625 1886 766 1935 dicere,
793 1886 912 1925 homo
939 1885 1218 1933 amentissime,
1250 1885 1326 1924 nisi
1354 1885 1406 1933 id,

76 1957 184 2010 quod
217 1971 292 2012 ego
325 1971 404 1998 non
438 1971 595 2010 quaero,
632 1957 739 2009 quod
772 1957 943 2009 denique
981 1957 1022 1995 iu
1056 1970 1097 1996 re
1131 1962 1213 1995 tam
1246 1956 1406 2004 nefaria,

76 2029 238 2069 tametsi
256 2028 433 2069 dubitari
463 2042 542 2068 non
571 2034 714 2081 potest,
737 2034 870 2067 tamen
892 2041 940 2067 ne
969 2028 1002 2066 si
1021 2027 1229 2066 dubitetur
1247 2026 1407 2078 quidem

76 2099 213 2151 quaeri
232 2105 426 2152 oporteat,
445 2099 541 2151 quid
561 2105 632 2138 aut
651 2105 846 2150 quantum
866 2104 936 2137 aut
952 2111 1030 2149 quo
1049 2097 1167 2136 modo
1186 2097 1379 2148 acceperis
1395 2099 1408 2136 2

75 2169 239 2210 remitto
267 2170 341 2209 tibi
371 2169 444 2209 hoc
474 2176 605 2209 totum
633 2176 754 2221 atque
782 2169 859 2208 ista
887 2175 927 2208 te
953 2181 1046 2207 cura
1074 2167 1207 2206 libero.
1266 2166 1407 2218 Neque

75 2241 182 2280 em'm
216 2246 364 2290 metuo,
397 2254 447 2281 ne
480 2241 553 2280 hoc
585 2241 768 2293 cuiquam
802 2239 1097 2293 persuadeatur,
1130 2245 1186 2287 ut,
1219 2238 1269 2277 ad
1300 2238 1406 2290 quod

72 2311 226 2351 facinus
246 2324 362 2351 nemo
386 2317 546 2363 praeter
565 2317 605 2350 te
625 2310 705 2350 ulla
725 2310 891 2363 pecunia
910 2309 1053 2348 adduci
1082 2308 1268 2360 potuerit,
1291 2307 1332 2346 id
1362 2315 1406 2347 tu

71 2382 198 2436 gratis
227 2382 426 2434 suscipere
455 2388 619 2421 conatus
640 2382 702 2421 sis.
762 2381 912 2420 Verum
932 2380 981 2419 de
1010 2380 1086 2418 ista
1111 2378 1270 2417 furandi
1299 2391 1405 2430 prae-

72 2453 276 2505 dandique
304 2453 459 2493 ratione
488 2452 587 2491 nihil
615 2452 726 2492 dico:
761 2452 811 2492 de
845 2452 916 2491 hac
944 2450 1198 2502 imperatoria
1227 2449 1305 2487 iam
1334 2455 1404 2488 tua

1430 1334 1463 1355 11
