1700 2729
237 196 278 221 22
533 186 589 221 M.
623 186 661 221 Τ.
693 185 982 221 CICERONIS
1005 186 1271 222 ACTJONJS
1434 185 1506 233 [21.
1520 189 1565 222 52

234 291 449 330 maioribus
478 291 720 343 impetrare?
775 290 881 329 Nam
910 304 1000 329 cum
1020 291 1093 330 hoc
1121 304 1266 330 munus
1285 291 1566 343 imponebatur

234 368 318 402 tam
345 375 467 415 grave
496 362 660 410 civitati,
682 362 812 401 inerat
840 362 970 401 nescio
991 375 1070 413 quo
1099 362 1218 402 modo
1237 362 1279 401 in
1308 362 1377 402 illo
1406 362 1567 403 foedere

234 434 435 473 societatis
471 434 584 485 quasi
622 433 816 485 quaedam
854 439 949 472 nota
982 433 1198 472 servitutis.
1312 434 1429 483 Quod
1466 440 1565 483 tum,

235 505 460 545 recentibus
493 505 574 544 suis
608 504 754 552 officiis,
790 505 947 557 integra
980 517 1033 552 re,
1070 504 1189 543 nullis
1223 505 1360 557 popuii
1397 505 1568 546 Romani

235 576 536 616 difficultatibus
573 589 596 614 a
633 574 849 614 maioribus
887 575 1034 614 nostris
1081 575 1241 615 foedere
1279 575 1445 628 adsequi
1489 590 1570 616 non

236 653 466 700 potuerunt,
489 647 531 686 id
560 660 676 695 nunc,
708 646 818 686 nullo
848 647 974 686 officio
1003 660 1086 696 suo,
1118 653 1180 687 tot
1208 648 1322 687 annis
1350 653 1452 700 post,
1483 648 1570 687 iure

236 719 393 771 imperii
421 718 548 758 nostri
576 718 790 769 quotannis
822 723 1060 769 usurpatum
1092 731 1136 757 ac
1166 731 1322 770 semper
1353 724 1568 767 retentum,

236 803 391 829 summa
419 790 461 828 in
489 789 723 828 difficultate
751 789 925 837 navium,
956 803 979 828 a
1007 788 1054 828 G.
1084 789 1209 829 Verre
1234 790 1365 842 pretio
1392 789 1571 829 adsecuti

237 867 342 909 sunt,
359 875 404 900 ac
424 874 504 900 non
523 860 597 899 hoc
617 860 745 899 solum
765 859 954 909 adsecuti,
977 873 1027 899 ne
1047 874 1191 900 navem
1211 860 1377 900 darent:
1407 874 1572 913 ecquem

237 938 412 980 nautam,
434 945 598 983 ecquem
625 931 794 970 militem
814 931 883 982 qui
902 937 973 970 aut
1001 931 1043 969 in
1063 930 1185 971 classe
1213 937 1286 970 aut
1303 931 1346 970 in
1373 931 1572 984 praesidio

238 1009 352 1052 esset,
374 1008 415 1043 te
433 1008 617 1055 praetore
637 1016 707 1055 per
726 1002 945 1042 triennium
964 1002 1198 1042 Mamertini
1217 1002 1447 1043 dederunt‘!

168 1081 219 1120 21
291 1076 475 1127 Denique
504 1088 594 1114 cum
623 1089 673 1114 ex
701 1080 862 1114 senatus
892 1074 1072 1114 consulto
1100 1075 1278 1126 itemque
1307 1088 1358 1114 ex
1383 1074 1574 1114 Terentia

183 1163 222 1194 52
239 1153 281 1187 et
299 1147 436 1187 Cassia
461 1147 711 1186 frumentum
737 1146 999 1198 aequabiliter
1026 1146 1103 1185 emi
1129 1147 1179 1186 ab
1205 1147 1390 1186 omnibus
1417 1146 1574 1186 Sicih'ae

239 1219 468 1258 civitatibus
502 1224 716 1270 oporteret,
751 1217 794 1256 id
827 1231 984 1269 quoque
1018 1231 1163 1257 mimus
1197 1217 1285 1257 leve
1318 1224 1440 1270 atque
1473 1231 1575 1257 com-

239 1302 359 1328 mune
396 1288 649 1328 Mamertinis
686 1288 884 1327 remisisti.
961 1287 1079 1327 Dices
1117 1288 1368 1328 frumentum
1404 1288 1575 1328 Mamer-

242 1361 346 1399 tinos
379 1374 459 1399 non
491 1359 646 1399 debere.
707 1359 794 1408 Quo
831 1359 950 1399 modo
988 1373 1068 1399 non
1101 1359 1276 1399 (16116162
1331 1361 1408 1408 An,
1444 1364 1492 1398 ut
1525 1372 1575 1398 ne

240 1431 490 1471 venderent‘l
558 1430 652 1470 Non
686 1431 791 1470 enim
825 1437 911 1470 erat
943 1431 1017 1470 hoc
1050 1444 1176 1484 genus
1209 1431 1404 1470 frumenti
1442 1444 1492 1470 ex
1529 1443 1576 1470 eo

241 1516 385 1556 genere
419 1502 527 1554 quod
561 1503 800 1555 exigeretur,
832 1502 902 1541 sed
936 1516 987 1541 ex
1020 1516 1066 1541 60
1100 1502 1208 1554 quod
1242 1508 1450 1541 emeretur.
1519 1501 1576 1541 Te

241 1574 366 1627 igitur
394 1579 554 1612 auctore
584 1580 625 1612 et
652 1573 871 1625 interprete
901 1587 950 1612 ne
979 1573 1066 1612 foro
1093 1573 1255 1625 quidem
1284 1578 1326 1612 et
1353 1578 1577 1612 commeatu

187 1661 224 1692 53
242 1645 475 1684 Mamertini
507 1645 644 1683 iuvare
676 1643 869 1696 populum
900 1645 1126 1684 Romanum
1159 1643 1396 1683 debuerunt.
1467 1643 1577 1693 Quae

243 1716 407 1756 tandem
445 1716 584 1755 cin‘tas
622 1716 702 1755 fuit
738 1730 839 1767 quae
877 1715 1069 1755 deberet?
1139 1715 1216 1764 Qui
1248 1714 1428 1767 publicos
1461 1728 1578 1768 agros

243 1793 360 1826 arant
393 1793 545 1825 certum
577 1792 638 1825 est
667 1786 765 1838 quid
799 1800 819 1825 e
852 1786 938 1839 lege
972 1786 1148 1825 censoria
1178 1785 1373 1825 debeant:
1414 1799 1485 1825 cur
1516 1785 1578 1824 his

245 1858 458 1909 quicquam
490 1863 696 1909 practerea
727 1870 776 1895 ex
806 1856 884 1895 alio
914 1869 1059 1909 genere
1089 1856 1323 1908 imperasti?
1379 1855 1486 1904 Quid
1514 1855 1579 1895 de-

246 1928 432 1967 cumani?
478 1927 589 1966 Num
626 1927 724 1979 quid
760 1933 919 1979 praeter
960 1926 1137 1980 singulas
1174 1926 1360 1965 decumas
1404 1940 1455 1965 ex
1491 1926 1579 1979 lege

246 1999 463 2039 Hieronica
499 1998 680 2038 debent?
753 1998 835 2037 Cur
872 1998 934 2036 his
972 2011 1129 2049 quoque
1167 1997 1346 2036 statuisti
1383 2002 1580 2048 quantum

248 2085 298 2111 ex
330 2071 403 2110 hoc
436 2083 581 2123 genere
614 2070 806 2109 frumenti
840 2069 963 2121 empti
992 2069 1164 2108 darent?
1221 2068 1327 2117 Quid
1354 2069 1581 2108 immunes?

248 2143 305 2182 Hi
325 2148 430 2181 certe
450 2141 550 2180 nihil
569 2141 726 2180 debent.
786 2142 845 2180 At
870 2141 925 2180 eis
951 2154 1031 2179 non
1057 2139 1176 2179 modo
1201 2140 1418 2192 imperasti,
1439 2152 1580 2179 verum

249 2214 380 2261 etiam,
422 2226 500 2264 quo
537 2211 626 2264 plus
664 2211 809 2251 darent
845 2225 964 2263 quam
1005 2216 1204 2263 poterant,
1244 2211 1340 2251 haec
1382 2223 1581 2264 sexagena

249 2284 359 2323 miJia
405 2283 594 2331 modium,
644 2296 745 2334 quae
801 2282 1053 2322 Mamertinis
1109 2282 1327 2330 remiseras,
1375 2280 1578 2321 addidisti.

249 2355 391 2406 Neque
411 2354 484 2394 hoc
503 2354 603 2402 dico,
626 2354 766 2393 ceteris
791 2367 872 2392 non
897 2359 1003 2392 recte
1029 2353 1293 2405 imperatum:
1322 2352 1394 2392 sed
1411 2352 1582 2392 Mamer-

251 2426 356 2473 tinis,
379 2426 447 2477 qui
469 2431 581 2465 erant
607 2425 648 2463 in
676 2424 814 2464 eadem
841 2438 956 2463 causa
981 2430 1021 2464 et
1041 2424 1185 2475 quibus
1205 2423 1426 2476 superiores
1445 2436 1582 2463 omnes
