<?xml version="1.0" encoding="UTF-8"?>
<!DOCTYPE html PUBLIC "-//W3C//DTD XHTML 1.0 Transitional//EN"
    "http://www.w3.org/TR/xhtml1/DTD/xhtml1-transitional.dtd">
<html xmlns="http://www.w3.org/1999/xhtml" xml:lang="en" lang="en">
 <head>
  <title>
</title>
<meta http-equiv="Content-Type" content="text/html;charset=utf-8" />
  <meta name='ocr-system' content='tesseract 3.04.00' />
  <meta name='ocr-capabilities' content='ocr_page ocr_carea ocr_par ocr_line ocrx_word'/>
</head>
<body>
  <div class='ocr_page' id='page_1' title='image "actionisingverre00ciceuoft_0071.png"; bbox 0 0 1674 2729; ppageno 0'>
   <div class='ocr_carea' id='block_1_1' title="bbox 107 231 1434 279">
    <p class='ocr_par' dir='ltr' id='par_1_1' title="bbox 107 231 1434 279">
     <span class='ocr_line' id='line_1_1' title="bbox 107 231 1434 279; baseline 0 -10"><span class='ocrx_word' id='word_1_1' title='bbox 107 231 263 279; x_wconf 58' lang='lat'>48126]</span> <span class='ocrx_word' id='word_1_2' title='bbox 288 233 355 268; x_wconf 82' lang='grc' dir='ltr'>ΙΝ</span> <span class='ocrx_word' id='word_1_3' title='bbox 378 232 566 268; x_wconf 81' lang='lat' dir='ltr'><em>GAIUM</em></span> <span class='ocrx_word' id='word_1_4' title='bbox 597 231 826 266; x_wconf 78' lang='lat' dir='ltr'><em>VERREM</em></span> <span class='ocrx_word' id='word_1_5' title='bbox 849 232 1153 268; x_wconf 79' lang='lat' dir='ltr'><em>SECUNDAE</em></span> <span class='ocrx_word' id='word_1_6' title='bbox 1179 234 1277 268; x_wconf 76' lang='lat' dir='ltr'>Lm.</span> <span class='ocrx_word' id='word_1_7' title='bbox 1307 235 1342 270; x_wconf 79' lang='lat'>1&#39;.</span> <span class='ocrx_word' id='word_1_8' title='bbox 1399 244 1434 279; x_wconf 82' lang='lat'>31</span> 
     </span>
    </p>
   </div>
   <div class='ocr_carea' id='block_1_2' title="bbox 109 336 1449 1664">
    <p class='ocr_par' dir='ltr' id='par_1_2' title="bbox 109 336 1449 1664">
     <span class='ocr_line' id='line_1_2' title="bbox 109 336 1442 391; baseline 0 -13"><span class='ocrx_word' id='word_1_9' title='bbox 109 351 265 391; x_wconf 80' lang='lat' dir='ltr'><strong>semper</strong></span> <span class='ocrx_word' id='word_1_10' title='bbox 295 344 337 378; x_wconf 92' lang='lat' dir='ltr'>et</span> <span class='ocrx_word' id='word_1_11' title='bbox 365 336 458 377; x_wconf 90' lang='lat' dir='ltr'>belli</span> <span class='ocrx_word' id='word_1_12' title='bbox 489 336 721 375; x_wconf 86' lang='lat' dir='ltr'>adiumenta</span> <span class='ocrx_word' id='word_1_13' title='bbox 750 343 791 376; x_wconf 92' lang='lat' dir='ltr'>ct</span> <span class='ocrx_word' id='word_1_14' title='bbox 820 337 925 388; x_wconf 84' lang='lat' dir='ltr'>pacis</span> <span class='ocrx_word' id='word_1_15' title='bbox 955 344 1187 376; x_wconf 82' lang='lat' dir='ltr'>ornamenta</span> <span class='ocrx_word' id='word_1_16' title='bbox 1216 339 1442 378; x_wconf 80' lang='lat' dir='ltr'>ministrata</span> 
     </span>
     <span class='ocr_line' id='line_1_3' title="bbox 109 407 1442 460; baseline 0.001 -11"><span class='ocrx_word' id='word_1_17' title='bbox 109 408 229 449; x_wconf 85' lang='lat' dir='ltr'>sunt.’</span> <span class='ocrx_word' id='word_1_18' title='bbox 284 407 461 448; x_wconf 88' lang='lat' dir='ltr'>Multum</span> <span class='ocrx_word' id='word_1_19' title='bbox 500 421 594 448; x_wconf 82' lang='lat' dir='ltr'>vero</span> <span class='ocrx_word' id='word_1_20' title='bbox 633 407 729 447; x_wconf 89' lang='lat' dir='ltr'>haec</span> <span class='ocrx_word' id='word_1_21' title='bbox 767 408 822 447; x_wconf 89' lang='lat' dir='ltr'>eis</span> <span class='ocrx_word' id='word_1_22' title='bbox 860 408 947 447; x_wconf 88' lang='lat' dir='ltr'>iura</span> <span class='ocrx_word' id='word_1_23' title='bbox 985 408 1223 460; x_wconf 85' lang='lat' dir='ltr'>profuerunt</span> <span class='ocrx_word' id='word_1_24' title='bbox 1256 410 1297 448; x_wconf 91' lang='lat' dir='ltr'>in</span> <span class='ocrx_word' id='word_1_25' title='bbox 1328 410 1442 450; x_wconf 86' lang='lat' dir='ltr'>istius</span> 
     </span>
     <span class='ocr_line' id='line_1_4' title="bbox 109 478 1443 533; baseline 0 -13"><span class='ocrx_word' id='word_1_26' title='bbox 109 479 276 533; x_wconf 86' lang='lat' dir='ltr'>imperio</span> <span class='ocrx_word' id='word_1_27' title='bbox 312 493 358 519; x_wconf 86' lang='lat' dir='ltr'>ac</span> <span class='ocrx_word' id='word_1_28' title='bbox 395 482 618 531; x_wconf 81' lang='lat' dir='ltr'>potestate!</span> <span class='ocrx_word' id='word_1_29' title='bbox 683 478 849 518; x_wconf 88' lang='lat' dir='ltr'>Vestros</span> <span class='ocrx_word' id='word_1_30' title='bbox 887 478 1089 530; x_wconf 88' lang='lat' dir='ltr'>quondam</span> <span class='ocrx_word' id='word_1_31' title='bbox 1127 487 1268 519; x_wconf 81' lang='lat' dir='ltr'>nautas</span> <span class='ocrx_word' id='word_1_32' title='bbox 1306 489 1443 520; x_wconf 85' lang='lat' dir='ltr'>contra</span> 
     </span>
     <span class='ocr_line' id='line_1_5' title="bbox 112 549 1443 604; baseline 0.001 -14"><span class='ocrx_word' id='word_1_33' title='bbox 112 550 404 604; x_wconf 82' lang='lat' dir='ltr'>Karthaginem</span> <span class='ocrx_word' id='word_1_34' title='bbox 424 549 557 602; x_wconf 85' lang='lat' dir='ltr'>Scipio</span> <span class='ocrx_word' id='word_1_35' title='bbox 576 549 711 589; x_wconf 81' lang='lat' dir='ltr'>duxit:</span> <span class='ocrx_word' id='word_1_36' title='bbox 732 556 775 589; x_wconf 87' lang='lat' dir='ltr'>at</span> <span class='ocrx_word' id='word_1_37' title='bbox 790 563 895 589; x_wconf 89' lang='lat' dir='ltr'>nunc</span> <span class='ocrx_word' id='word_1_38' title='bbox 916 564 1057 589; x_wconf 88' lang='lat' dir='ltr'>navem</span> <span class='ocrx_word' id='word_1_39' title='bbox 1073 558 1210 590; x_wconf 89' lang='lat' dir='ltr'>contra</span> <span class='ocrx_word' id='word_1_40' title='bbox 1225 552 1443 604; x_wconf 81' lang='lat' dir='ltr'>praedones</span> 
     </span>
     <span class='ocr_line' id='line_1_6' title="bbox 111 619 1443 674; baseline 0.001 -13"><span class='ocrx_word' id='word_1_41' title='bbox 111 634 236 674; x_wconf 85' lang='lat' dir='ltr'>paene</span> <span class='ocrx_word' id='word_1_42' title='bbox 278 621 437 660; x_wconf 87' lang='lat' dir='ltr'>inanem</span> <span class='ocrx_word' id='word_1_43' title='bbox 481 619 713 660; x_wconf 82' lang='lat' dir='ltr'>Cleomenes</span> <span class='ocrx_word' id='word_1_44' title='bbox 761 619 882 659; x_wconf 86' lang='lat' dir='ltr'>ducit.</span> <span class='ocrx_word' id='word_1_45' title='bbox 966 620 1182 660; x_wconf 85' lang='lat' dir='ltr'>Vobiscum</span> <span class='ocrx_word' id='word_1_46' title='bbox 1231 622 1443 662; x_wconf 60' lang='lat' dir='ltr'>Africanus</span> 
     </span>
     <span class='ocr_line' id='line_1_7' title="bbox 111 690 1444 744; baseline 0.001 -13"><span class='ocrx_word' id='word_1_47' title='bbox 111 691 288 732; x_wconf 89' lang='lat' dir='ltr'>hostium</span> <span class='ocrx_word' id='word_1_48' title='bbox 317 691 443 744; x_wconf 86' lang='lat' dir='ltr'>spolia</span> <span class='ocrx_word' id='word_1_49' title='bbox 474 696 514 730; x_wconf 90' lang='lat' dir='ltr'>et</span> <span class='ocrx_word' id='word_1_50' title='bbox 539 691 713 743; x_wconf 86' lang='lat' dir='ltr'>praemia</span> <span class='ocrx_word' id='word_1_51' title='bbox 743 690 871 729; x_wconf 87' lang='lat' dir='ltr'>laudis</span> <span class='ocrx_word' id='word_1_52' title='bbox 905 692 1233 732; x_wconf 74' lang='lat' dir='ltr'>communicavit:</span> <span class='ocrx_word' id='word_1_53' title='bbox 1267 700 1310 732; x_wconf 85' lang='lat' dir='ltr'>at</span> <span class='ocrx_word' id='word_1_54' title='bbox 1341 707 1444 732; x_wconf 89' lang='lat' dir='ltr'>nunc</span> 
     </span>
     <span class='ocr_line' id='line_1_8' title="bbox 110 761 1443 817; baseline 0 -14"><span class='ocrx_word' id='word_1_55' title='bbox 110 776 182 816; x_wconf 87' lang='lat' dir='ltr'>per</span> <span class='ocrx_word' id='word_1_56' title='bbox 209 763 315 802; x_wconf 89' lang='lat' dir='ltr'>hunc</span> <span class='ocrx_word' id='word_1_57' title='bbox 348 762 506 815; x_wconf 88' lang='lat' dir='ltr'>spoliati</span> <span class='ocrx_word' id='word_1_58' title='bbox 542 761 650 815; x_wconf 81' lang='lat' dir='ltr'>[navi</span> <span class='ocrx_word' id='word_1_59' title='bbox 683 775 706 801; x_wconf 90' lang='lat' dir='ltr'>a</span> <span class='ocrx_word' id='word_1_60' title='bbox 739 761 1004 814; x_wconf 83' lang='lat' dir='ltr'>praedonibus</span> <span class='ocrx_word' id='word_1_61' title='bbox 1039 763 1261 817; x_wconf 79' lang='lat' dir='ltr'>(abducta)]</span> <span class='ocrx_word' id='word_1_62' title='bbox 1295 764 1368 816; x_wconf 90' lang='lat' dir='ltr'>ipsi</span> <span class='ocrx_word' id='word_1_63' title='bbox 1403 765 1443 803; x_wconf 88' lang='lat' dir='ltr'>in</span> 
     </span>
     <span class='ocr_line' id='line_1_9' title="bbox 113 833 1444 884; baseline 0 -10"><span class='ocrx_word' id='word_1_64' title='bbox 113 834 289 874; x_wconf 88' lang='lat' dir='ltr'>hostium</span> <span class='ocrx_word' id='word_1_65' title='bbox 335 833 421 873; x_wconf 90' lang='lat' dir='ltr'>loco</span> <span class='ocrx_word' id='word_1_66' title='bbox 468 846 712 884; x_wconf 86' lang='lat' dir='ltr'>numeroque</span> <span class='ocrx_word' id='word_1_67' title='bbox 750 833 952 872; x_wconf 85' lang='lat' dir='ltr'>ducimini.</span> <span class='ocrx_word' id='word_1_68' title='bbox 1031 833 1136 882; x_wconf 84' lang='lat' dir='ltr'>Quid</span> <span class='ocrx_word' id='word_1_69' title='bbox 1174 838 1297 874; x_wconf 67' lang='lat' dir='ltr'>vero?</span> <span class='ocrx_word' id='word_1_70' title='bbox 1371 835 1444 874; x_wconf 83' lang='lat' dir='ltr'>Illa</span> 
     </span>
     <span class='ocr_line' id='line_1_10' title="bbox 112 903 1444 958; baseline 0 -13"><span class='ocrx_word' id='word_1_71' title='bbox 112 904 422 958; x_wconf 79' lang='lat' dir='ltr'>Segestanorum</span> <span class='ocrx_word' id='word_1_72' title='bbox 454 917 532 944; x_wconf 91' lang='lat' dir='ltr'>non</span> <span class='ocrx_word' id='word_1_73' title='bbox 564 903 692 943; x_wconf 89' lang='lat' dir='ltr'>solum</span> <span class='ocrx_word' id='word_1_74' title='bbox 722 903 867 943; x_wconf 89' lang='lat' dir='ltr'>litteris</span> <span class='ocrx_word' id='word_1_75' title='bbox 899 904 1047 943; x_wconf 81' lang='lat' dir='ltr'>tradita</span> <span class='ocrx_word' id='word_1_76' title='bbox 1081 918 1209 956; x_wconf 85' lang='lat' dir='ltr'>neque</span> <span class='ocrx_word' id='word_1_77' title='bbox 1239 919 1444 945; x_wconf 87' lang='lat' dir='ltr'>commem-</span> 
     </span>
     <span class='ocr_line' id='line_1_11' title="bbox 112 974 1445 1028; baseline 0.001 -13"><span class='ocrx_word' id='word_1_78' title='bbox 112 982 226 1016; x_wconf 86' lang='lat' dir='ltr'>orata</span> <span class='ocrx_word' id='word_1_79' title='bbox 270 975 413 1023; x_wconf 88' lang='lat' dir='ltr'>verbis,</span> <span class='ocrx_word' id='word_1_80' title='bbox 462 975 532 1014; x_wconf 88' lang='lat' dir='ltr'>sed</span> <span class='ocrx_word' id='word_1_81' title='bbox 579 974 716 1014; x_wconf 89' lang='lat' dir='ltr'>multis</span> <span class='ocrx_word' id='word_1_82' title='bbox 767 975 901 1014; x_wconf 88' lang='lat' dir='ltr'>officiis</span> <span class='ocrx_word' id='word_1_83' title='bbox 954 975 1113 1014; x_wconf 91' lang='lat' dir='ltr'>illorum</span> <span class='ocrx_word' id='word_1_84' title='bbox 1165 983 1356 1028; x_wconf 88' lang='lat' dir='ltr'>usurpata</span> <span class='ocrx_word' id='word_1_85' title='bbox 1404 984 1445 1016; x_wconf 91' lang='lat' dir='ltr'>et</span> 
     </span>
     <span class='ocr_line' id='line_1_12' title="bbox 113 1045 1445 1099; baseline 0.001 -13"><span class='ocrx_word' id='word_1_86' title='bbox 113 1046 370 1099; x_wconf 83' lang='lat' dir='ltr'>comprobata</span> <span class='ocrx_word' id='word_1_87' title='bbox 389 1046 572 1099; x_wconf 86' lang='lat' dir='ltr'>cognatio</span> <span class='ocrx_word' id='word_1_88' title='bbox 593 1059 691 1097; x_wconf 86' lang='lat' dir='ltr'>quos</span> <span class='ocrx_word' id='word_1_89' title='bbox 720 1045 882 1085; x_wconf 88' lang='lat' dir='ltr'>tandem</span> <span class='ocrx_word' id='word_1_90' title='bbox 912 1046 1065 1085; x_wconf 84' lang='lat' dir='ltr'>fructus</span> <span class='ocrx_word' id='word_1_91' title='bbox 1094 1046 1256 1086; x_wconf 88' lang='lat' dir='ltr'>huiusce</span> <span class='ocrx_word' id='word_1_92' title='bbox 1284 1048 1445 1087; x_wconf 91' lang='lat' dir='ltr'>necessi-</span> 
     </span>
     <span class='ocr_line' id='line_1_13' title="bbox 114 1115 1442 1169; baseline 0.001 -12"><span class='ocrx_word' id='word_1_93' title='bbox 114 1117 267 1158; x_wconf 85' lang='lat' dir='ltr'>tudinis</span> <span class='ocrx_word' id='word_1_94' title='bbox 305 1117 346 1156; x_wconf 93' lang='lat' dir='ltr'>in</span> <span class='ocrx_word' id='word_1_95' title='bbox 385 1116 500 1156; x_wconf 89' lang='lat' dir='ltr'>istius</span> <span class='ocrx_word' id='word_1_96' title='bbox 539 1116 705 1169; x_wconf 89' lang='lat' dir='ltr'>imperio</span> <span class='ocrx_word' id='word_1_97' title='bbox 744 1116 867 1156; x_wconf 66' lang='lat' dir='ltr'>tulit?</span> <span class='ocrx_word' id='word_1_98' title='bbox 928 1115 1083 1169; x_wconf 83' lang='lat' dir='ltr'>Nempe</span> <span class='ocrx_word' id='word_1_99' title='bbox 1121 1118 1194 1157; x_wconf 89' lang='lat' dir='ltr'>hoc</span> <span class='ocrx_word' id='word_1_100' title='bbox 1232 1118 1317 1158; x_wconf 91' lang='lat' dir='ltr'>iure</span> <span class='ocrx_word' id='word_1_101' title='bbox 1355 1119 1442 1167; x_wconf 84' lang='lat' dir='ltr'>fuit,</span> 
     </span>
     <span class='ocr_line' id='line_1_14' title="bbox 113 1186 1446 1239; baseline 0.001 -12"><span class='ocrx_word' id='word_1_102' title='bbox 113 1187 274 1236; x_wconf 46' lang='lat' dir='ltr'>iudices„</span> <span class='ocrx_word' id='word_1_103' title='bbox 306 1193 354 1226; x_wconf 93' lang='lat' dir='ltr'>ut</span> <span class='ocrx_word' id='word_1_104' title='bbox 383 1199 434 1227; x_wconf 86' lang='lat' dir='ltr'>ex</span> <span class='ocrx_word' id='word_1_105' title='bbox 464 1187 553 1226; x_wconf 86' lang='lat' dir='ltr'>sinu</span> <span class='ocrx_word' id='word_1_106' title='bbox 583 1187 736 1239; x_wconf 90' lang='lat' dir='ltr'>patriae</span> <span class='ocrx_word' id='word_1_107' title='bbox 767 1186 1034 1226; x_wconf 87' lang='lat' dir='ltr'>nobilissimus</span> <span class='ocrx_word' id='word_1_108' title='bbox 1066 1187 1297 1227; x_wconf 84' lang='lat' dir='ltr'>adulescens</span> <span class='ocrx_word' id='word_1_109' title='bbox 1327 1195 1368 1228; x_wconf 90' lang='lat' dir='ltr'>et</span> <span class='ocrx_word' id='word_1_110' title='bbox 1397 1202 1446 1228; x_wconf 86' lang='lat' dir='ltr'>ex</span> 
     </span>
     <span class='ocr_line' id='line_1_15' title="bbox 115 1257 1447 1311; baseline 0 -12"><span class='ocrx_word' id='word_1_111' title='bbox 115 1258 325 1311; x_wconf 83' lang='lat' dir='ltr'>complexu</span> <span class='ocrx_word' id='word_1_112' title='bbox 355 1258 494 1297; x_wconf 84' lang='lat' dir='ltr'>matris</span> <span class='ocrx_word' id='word_1_113' title='bbox 525 1264 696 1310; x_wconf 86' lang='lat' dir='ltr'>ereptus,</span> <span class='ocrx_word' id='word_1_114' title='bbox 732 1257 920 1297; x_wconf 85' lang='lat' dir='ltr'>innocens</span> <span class='ocrx_word' id='word_1_115' title='bbox 954 1258 1069 1297; x_wconf 87' lang='lat' dir='ltr'>istius</span> <span class='ocrx_word' id='word_1_116' title='bbox 1103 1259 1275 1298; x_wconf 86' lang='lat' dir='ltr'>carnifici</span> <span class='ocrx_word' id='word_1_117' title='bbox 1309 1259 1447 1299; x_wconf 83' lang='lat' dir='ltr'>Sextio</span> 
     </span>
     <span class='ocr_line' id='line_1_16' title="bbox 114 1329 1447 1384; baseline 0 -14"><span class='ocrx_word' id='word_1_118' title='bbox 114 1330 339 1370; x_wconf 88' lang='lat' dir='ltr'>dederetur.</span> <span class='ocrx_word' id='word_1_119' title='bbox 416 1329 492 1369; x_wconf 85' lang='lat' dir='ltr'>Cui</span> <span class='ocrx_word' id='word_1_120' title='bbox 530 1329 685 1368; x_wconf 82' lang='lat' dir='ltr'>civitati</span> <span class='ocrx_word' id='word_1_121' title='bbox 722 1329 890 1368; x_wconf 87' lang='lat' dir='ltr'>maiores</span> <span class='ocrx_word' id='word_1_122' title='bbox 929 1329 1053 1368; x_wconf 85' lang='lat' dir='ltr'>nostri</span> <span class='ocrx_word' id='word_1_123' title='bbox 1101 1330 1294 1370; x_wconf 77' lang='lat' dir='ltr'>maximos</span> <span class='ocrx_word' id='word_1_124' title='bbox 1331 1344 1447 1384; x_wconf 84' lang='lat' dir='ltr'>agros</span> 
     </span>
     <span class='ocr_line' id='line_1_17' title="bbox 115 1399 1446 1454; baseline 0 -14"><span class='ocrx_word' id='word_1_125' title='bbox 115 1407 238 1454; x_wconf 86' lang='lat' dir='ltr'>atque</span> <span class='ocrx_word' id='word_1_126' title='bbox 257 1400 428 1453; x_wconf 89' lang='lat' dir='ltr'>optimos</span> <span class='ocrx_word' id='word_1_127' title='bbox 449 1406 737 1448; x_wconf 89' lang='lat' dir='ltr'>concesserunt,</span> <span class='ocrx_word' id='word_1_128' title='bbox 756 1413 875 1451; x_wconf 90' lang='lat' dir='ltr'>quam</span> <span class='ocrx_word' id='word_1_129' title='bbox 890 1399 1108 1439; x_wconf 89' lang='lat' dir='ltr'>immunem</span> <span class='ocrx_word' id='word_1_130' title='bbox 1124 1413 1207 1440; x_wconf 90' lang='lat' dir='ltr'>esse</span> <span class='ocrx_word' id='word_1_131' title='bbox 1222 1401 1446 1450; x_wconf 86' lang='lat' dir='ltr'>voluerunt,</span> 
     </span>
     <span class='ocr_line' id='line_1_18' title="bbox 117 1470 1449 1524; baseline -0.001 -12"><span class='ocrx_word' id='word_1_132' title='bbox 117 1472 213 1512; x_wconf 85' lang='lat' dir='ltr'>haec</span> <span class='ocrx_word' id='word_1_133' title='bbox 231 1471 339 1524; x_wconf 91' lang='lat' dir='ltr'>apud</span> <span class='ocrx_word' id='word_1_134' title='bbox 368 1478 408 1510; x_wconf 90' lang='lat' dir='ltr'>te</span> <span class='ocrx_word' id='word_1_135' title='bbox 435 1471 693 1524; x_wconf 85' lang='lat' dir='ltr'>cognationis,</span> <span class='ocrx_word' id='word_1_136' title='bbox 715 1470 932 1518; x_wconf 88' lang='lat' dir='ltr'>fidelitatis,</span> <span class='ocrx_word' id='word_1_137' title='bbox 954 1471 1178 1520; x_wconf 85' lang='lat' dir='ltr'>vetustatis,</span> <span class='ocrx_word' id='word_1_138' title='bbox 1199 1472 1449 1511; x_wconf 85' lang='lat' dir='ltr'>auctoritatis</span> 
     </span>
     <span class='ocr_line' id='line_1_19' title="bbox 118 1540 1448 1594; baseline -0.001 -12"><span class='ocrx_word' id='word_1_139' title='bbox 118 1555 168 1582; x_wconf 91' lang='lat' dir='ltr'>ne</span> <span class='ocrx_word' id='word_1_140' title='bbox 187 1541 261 1581; x_wconf 92' lang='lat' dir='ltr'>hoc</span> <span class='ocrx_word' id='word_1_141' title='bbox 285 1540 447 1593; x_wconf 89' lang='lat' dir='ltr'>quidem</span> <span class='ocrx_word' id='word_1_142' title='bbox 476 1540 573 1579; x_wconf 87' lang='lat' dir='ltr'>iuris</span> <span class='ocrx_word' id='word_1_143' title='bbox 602 1540 789 1588; x_wconf 88' lang='lat' dir='ltr'>obtinuit,</span> <span class='ocrx_word' id='word_1_144' title='bbox 811 1546 858 1579; x_wconf 90' lang='lat' dir='ltr'>ut</span> <span class='ocrx_word' id='word_1_145' title='bbox 886 1540 1003 1579; x_wconf 90' lang='lat' dir='ltr'>unius</span> <span class='ocrx_word' id='word_1_146' title='bbox 1032 1540 1299 1580; x_wconf 83' lang='lat' dir='ltr'>honestissimi</span> <span class='ocrx_word' id='word_1_147' title='bbox 1327 1549 1448 1594; x_wconf 87' lang='lat' dir='ltr'>atque</span> 
     </span>
     <span class='ocr_line' id='line_1_20' title="bbox 117 1611 1364 1664; baseline 0 -12"><span class='ocrx_word' id='word_1_148' title='bbox 117 1612 432 1652; x_wconf 88' lang='lat' dir='ltr'>innocentissimi</span> <span class='ocrx_word' id='word_1_149' title='bbox 452 1611 548 1650; x_wconf 82' lang='lat' dir='ltr'>civis</span> <span class='ocrx_word' id='word_1_150' title='bbox 568 1617 738 1650; x_wconf 90' lang='lat' dir='ltr'>mortem</span> <span class='ocrx_word' id='word_1_151' title='bbox 758 1624 802 1650; x_wconf 86' lang='lat' dir='ltr'>ac</span> <span class='ocrx_word' id='word_1_152' title='bbox 823 1611 1057 1664; x_wconf 88' lang='lat' dir='ltr'>sanguinem</span> <span class='ocrx_word' id='word_1_153' title='bbox 1076 1611 1364 1664; x_wconf 84' lang='lat' dir='ltr'>deprecaretur.</span> 
     </span>
    </p>
   </div>
   <div class='ocr_carea' id='block_1_3' title="bbox 1464 499 1519 529">
    <p class='ocr_par' dir='ltr' id='par_1_3' title="bbox 1464 499 1519 529">
     <span class='ocr_line' id='line_1_21' title="bbox 1464 499 1519 529; baseline -0.018 -8"><span class='ocrx_word' id='word_1_154' title='bbox 1464 499 1519 529; x_wconf 84' lang='lat'>125</span> 
     </span>
    </p>
   </div>
   <div class='ocr_carea' id='block_1_4' title="bbox 118 1681 1526 1806">
    <p class='ocr_par' dir='ltr' id='par_1_4' title="bbox 118 1681 1526 1806">
     <span class='ocr_line' id='line_1_22' title="bbox 174 1681 1519 1736; baseline 0.001 -16"><span class='ocrx_word' id='word_1_155' title='bbox 174 1682 262 1732; x_wconf 86' lang='lat' dir='ltr'>Quo</span> <span class='ocrx_word' id='word_1_156' title='bbox 281 1682 514 1736; x_wconf 85' lang='lat' dir='ltr'>confugient</span> <span class='ocrx_word' id='word_1_157' title='bbox 533 1682 628 1721; x_wconf 90' lang='lat' dir='ltr'>socii</span> <span class='ocrx_word' id='word_1_158' title='bbox 644 1684 657 1722; x_wconf 71' lang='lat'><strong><em>2</em></strong></span> <span class='ocrx_word' id='word_1_159' title='bbox 686 1695 804 1733; x_wconf 87' lang='lat' dir='ltr'>quem</span> <span class='ocrx_word' id='word_1_160' title='bbox 824 1681 1096 1733; x_wconf 88' lang='lat' dir='ltr'>implorabunt</span> <span class='ocrx_word' id='word_1_161' title='bbox 1113 1685 1126 1722; x_wconf 76' lang='grc' dir='ltr'>’.ἱ</span> <span class='ocrx_word' id='word_1_162' title='bbox 1155 1696 1232 1734; x_wconf 83' lang='lat' dir='ltr'>qua</span> <span class='ocrx_word' id='word_1_163' title='bbox 1252 1696 1319 1735; x_wconf 88' lang='lat' dir='ltr'>spe</span> <span class='ocrx_word' id='word_1_164' title='bbox 1343 1683 1449 1723; x_wconf 88' lang='lat' dir='ltr'>deni·</span> <span class='ocrx_word' id='word_1_165' title='bbox 1467 1693 1519 1732; x_wconf 79' lang='lat'>48</span> 
     </span>
     <span class='ocr_line' id='line_1_23' title="bbox 118 1752 1526 1806; baseline 0.002 -12"><span class='ocrx_word' id='word_1_166' title='bbox 118 1767 206 1806; x_wconf 91' lang='lat' dir='ltr'>que,</span> <span class='ocrx_word' id='word_1_167' title='bbox 228 1760 276 1794; x_wconf 90' lang='lat' dir='ltr'>ut</span> <span class='ocrx_word' id='word_1_168' title='bbox 294 1753 429 1793; x_wconf 84' lang='lat' dir='ltr'>vivere</span> <span class='ocrx_word' id='word_1_169' title='bbox 448 1752 585 1801; x_wconf 87' lang='lat' dir='ltr'>velint,</span> <span class='ocrx_word' id='word_1_170' title='bbox 607 1753 861 1800; x_wconf 87' lang='lat' dir='ltr'>tenebuntur,</span> <span class='ocrx_word' id='word_1_171' title='bbox 884 1753 916 1791; x_wconf 90' lang='lat' dir='ltr'>si</span> <span class='ocrx_word' id='word_1_172' title='bbox 936 1766 1006 1792; x_wconf 86' lang='lat' dir='ltr'>vos</span> <span class='ocrx_word' id='word_1_173' title='bbox 1026 1766 1091 1792; x_wconf 89' lang='lat' dir='ltr'>eos</span> <span class='ocrx_word' id='word_1_174' title='bbox 1110 1753 1329 1794; x_wconf 63' lang='lat' dir='ltr'>deseretis?</span> <span class='ocrx_word' id='word_1_175' title='bbox 1383 1754 1449 1794; x_wconf 86' lang='lat' dir='ltr'>Ad</span> <span class='ocrx_word' id='word_1_176' title='bbox 1470 1768 1526 1797; x_wconf 86' lang='lat'>126</span> 
     </span>
    </p>
   </div>
   <div class='ocr_carea' id='block_1_5' title="bbox 120 1822 1451 2511">
    <p class='ocr_par' dir='ltr' id='par_1_5' title="bbox 120 1822 1451 2511">
     <span class='ocr_line' id='line_1_24' title="bbox 120 1822 1449 1877; baseline -0.001 -12"><span class='ocrx_word' id='word_1_177' title='bbox 120 1830 354 1865; x_wconf 86' lang='lat' dir='ltr'>senatumne</span> <span class='ocrx_word' id='word_1_178' title='bbox 401 1824 596 1863; x_wconf 62' lang='lat' dir='ltr'>venient?</span> <span class='ocrx_word' id='word_1_179' title='bbox 670 1822 807 1872; x_wconf 67' lang='lat' dir='ltr'>Quid?</span> <span class='ocrx_word' id='word_1_180' title='bbox 853 1829 900 1862; x_wconf 91' lang='lat' dir='ltr'>ut</span> <span class='ocrx_word' id='word_1_181' title='bbox 945 1823 995 1863; x_wconf 91' lang='lat' dir='ltr'>de</span> <span class='ocrx_word' id='word_1_182' title='bbox 1042 1823 1167 1863; x_wconf 87' lang='lat' dir='ltr'>Verre</span> <span class='ocrx_word' id='word_1_183' title='bbox 1214 1825 1449 1877; x_wconf 89' lang='lat' dir='ltr'>supplicium</span> 
     </span>
     <span class='ocr_line' id='line_1_25' title="bbox 120 1894 1450 1942; baseline -0.002 -6"><span class='ocrx_word' id='word_1_184' title='bbox 120 1897 282 1936; x_wconf 77' lang='lat' dir='ltr'>sumat&#39;l</span> <span class='ocrx_word' id='word_1_185' title='bbox 327 1908 408 1934; x_wconf 88' lang='lat' dir='ltr'>non</span> <span class='ocrx_word' id='word_1_186' title='bbox 455 1900 516 1934; x_wconf 92' lang='lat' dir='ltr'>est</span> <span class='ocrx_word' id='word_1_187' title='bbox 561 1894 766 1942; x_wconf 83' lang='lat' dir='ltr'>usitatum,</span> <span class='ocrx_word' id='word_1_188' title='bbox 816 1906 896 1933; x_wconf 92' lang='lat' dir='ltr'>non</span> <span class='ocrx_word' id='word_1_189' title='bbox 942 1900 1003 1933; x_wconf 89' lang='lat' dir='ltr'>est</span> <span class='ocrx_word' id='word_1_190' title='bbox 1048 1895 1301 1935; x_wconf 86' lang='lat' dir='ltr'>senatorium.</span> <span class='ocrx_word' id='word_1_191' title='bbox 1384 1895 1450 1934; x_wconf 90' lang='lat' dir='ltr'>Ad</span> 
     </span>
     <span class='ocr_line' id='line_1_26' title="bbox 120 1963 1448 2020; baseline -0.002 -14"><span class='ocrx_word' id='word_1_192' title='bbox 120 1965 313 2020; x_wconf 83' lang='lat' dir='ltr'>populum</span> <span class='ocrx_word' id='word_1_193' title='bbox 341 1965 566 2005; x_wconf 84' lang='lat' dir='ltr'>Romanum</span> <span class='ocrx_word' id='word_1_194' title='bbox 595 1964 855 2018; x_wconf 66' lang='lat' dir='ltr'>confugient?</span> <span class='ocrx_word' id='word_1_195' title='bbox 909 1963 1052 2003; x_wconf 86' lang='lat' dir='ltr'>Facilis</span> <span class='ocrx_word' id='word_1_196' title='bbox 1077 1972 1138 2004; x_wconf 90' lang='lat' dir='ltr'>est</span> <span class='ocrx_word' id='word_1_197' title='bbox 1169 1979 1285 2004; x_wconf 82' lang='lat' dir='ltr'>causa</span> <span class='ocrx_word' id='word_1_198' title='bbox 1314 1966 1448 2018; x_wconf 88' lang='lat' dir='ltr'>populi</span> 
     </span>
     <span class='ocr_line' id='line_1_27' title="bbox 121 2035 1451 2089; baseline -0.001 -12"><span class='ocrx_word' id='word_1_199' title='bbox 121 2036 291 2077; x_wconf 87' lang='lat' dir='ltr'>Romani</span> <span class='ocrx_word' id='word_1_200' title='bbox 305 2051 316 2085; x_wconf 71' lang='grc' dir='ltr'><strong><em>ς</em></strong></span> <span class='ocrx_word' id='word_1_201' title='bbox 343 2035 472 2089; x_wconf 89' lang='lat' dir='ltr'>legem</span> <span class='ocrx_word' id='word_1_202' title='bbox 492 2035 598 2075; x_wconf 91' lang='lat' dir='ltr'>enim</span> <span class='ocrx_word' id='word_1_203' title='bbox 623 2049 664 2074; x_wconf 91' lang='lat' dir='ltr'>se</span> <span class='ocrx_word' id='word_1_204' title='bbox 693 2035 888 2075; x_wconf 87' lang='lat' dir='ltr'>sociorum</span> <span class='ocrx_word' id='word_1_205' title='bbox 917 2048 1033 2074; x_wconf 87' lang='lat' dir='ltr'>causa</span> <span class='ocrx_word' id='word_1_206' title='bbox 1060 2036 1220 2075; x_wconf 88' lang='lat' dir='ltr'>iussisse</span> <span class='ocrx_word' id='word_1_207' title='bbox 1249 2042 1290 2075; x_wconf 89' lang='lat' dir='ltr'>ct</span> <span class='ocrx_word' id='word_1_208' title='bbox 1318 2036 1353 2075; x_wconf 90' lang='lat' dir='ltr'>ei</span> <span class='ocrx_word' id='word_1_209' title='bbox 1381 2050 1451 2076; x_wconf 89' lang='lat' dir='ltr'>vos</span> 
     </span>
     <span class='ocr_line' id='line_1_28' title="bbox 121 2105 1451 2161; baseline -0.002 -14"><span class='ocrx_word' id='word_1_210' title='bbox 121 2107 200 2161; x_wconf 88' lang='lat' dir='ltr'>legi</span> <span class='ocrx_word' id='word_1_211' title='bbox 238 2106 421 2146; x_wconf 85' lang='lat' dir='ltr'>custodes</span> <span class='ocrx_word' id='word_1_212' title='bbox 454 2119 499 2145; x_wconf 86' lang='lat' dir='ltr'>ac</span> <span class='ocrx_word' id='word_1_213' title='bbox 531 2105 708 2145; x_wconf 85' lang='lat' dir='ltr'>vindices</span> <span class='ocrx_word' id='word_1_214' title='bbox 742 2105 1013 2157; x_wconf 86' lang='lat' dir='ltr'>praeposuisse</span> <span class='ocrx_word' id='word_1_215' title='bbox 1045 2105 1160 2145; x_wconf 88' lang='lat' dir='ltr'>dicet.</span> <span class='ocrx_word' id='word_1_216' title='bbox 1234 2106 1309 2145; x_wconf 88' lang='lat' dir='ltr'>Hic</span> <span class='ocrx_word' id='word_1_217' title='bbox 1344 2106 1451 2146; x_wconf 88' lang='lat' dir='ltr'>locus</span> 
     </span>
     <span class='ocr_line' id='line_1_29' title="bbox 121 2175 1451 2232; baseline -0.001 -15"><span class='ocrx_word' id='word_1_218' title='bbox 121 2178 247 2232; x_wconf 89' lang='lat' dir='ltr'>igitur</span> <span class='ocrx_word' id='word_1_219' title='bbox 275 2183 337 2217; x_wconf 91' lang='lat' dir='ltr'>est</span> <span class='ocrx_word' id='word_1_220' title='bbox 363 2189 466 2216; x_wconf 91' lang='lat' dir='ltr'>unus</span> <span class='ocrx_word' id='word_1_221' title='bbox 495 2189 574 2227; x_wconf 87' lang='lat' dir='ltr'>quo</span> <span class='ocrx_word' id='word_1_222' title='bbox 602 2176 842 2229; x_wconf 81' lang='lat' dir='ltr'>perfugiant,</span> <span class='ocrx_word' id='word_1_223' title='bbox 865 2175 928 2215; x_wconf 87' lang='lat' dir='ltr'>hie</span> <span class='ocrx_word' id='word_1_224' title='bbox 956 2182 1105 2228; x_wconf 81' lang='lat' dir='ltr'>portuS,</span> <span class='ocrx_word' id='word_1_225' title='bbox 1128 2176 1223 2216; x_wconf 87' lang='lat' dir='ltr'>haec</span> <span class='ocrx_word' id='word_1_226' title='bbox 1251 2190 1334 2225; x_wconf 86' lang='lat' dir='ltr'>arx,</span> <span class='ocrx_word' id='word_1_227' title='bbox 1356 2177 1451 2217; x_wconf 90' lang='lat' dir='ltr'>haec</span> 
     </span>
     <span class='ocr_line' id='line_1_30' title="bbox 122 2247 1451 2300; baseline -0.002 -12"><span class='ocrx_word' id='word_1_228' title='bbox 122 2261 192 2288; x_wconf 84' lang='lat' dir='ltr'>ara</span> <span class='ocrx_word' id='word_1_229' title='bbox 221 2247 439 2288; x_wconf 87' lang='lat' dir='ltr'>sociorum:</span> <span class='ocrx_word' id='word_1_230' title='bbox 481 2260 560 2298; x_wconf 90' lang='lat' dir='ltr'>quo</span> <span class='ocrx_word' id='word_1_231' title='bbox 591 2247 752 2298; x_wconf 88' lang='lat' dir='ltr'>quidem</span> <span class='ocrx_word' id='word_1_232' title='bbox 786 2260 890 2286; x_wconf 86' lang='lat' dir='ltr'>nunc</span> <span class='ocrx_word' id='word_1_233' title='bbox 924 2260 1003 2285; x_wconf 90' lang='lat' dir='ltr'>non</span> <span class='ocrx_word' id='word_1_234' title='bbox 1036 2247 1093 2285; x_wconf 88' lang='lat' dir='ltr'>ita</span> <span class='ocrx_word' id='word_1_235' title='bbox 1125 2247 1372 2300; x_wconf 77' lang='lat' dir='ltr'>confugiunt,</span> <span class='ocrx_word' id='word_1_236' title='bbox 1405 2255 1451 2286; x_wconf 88' lang='lat' dir='ltr'>ut</span> 
     </span>
     <span class='ocr_line' id='line_1_31' title="bbox 123 2316 1450 2369; baseline -0.002 -10"><span class='ocrx_word' id='word_1_237' title='bbox 123 2325 242 2359; x_wconf 87' lang='lat' dir='ltr'>antea</span> <span class='ocrx_word' id='word_1_238' title='bbox 269 2319 311 2357; x_wconf 93' lang='lat' dir='ltr'>in</span> <span class='ocrx_word' id='word_1_239' title='bbox 339 2318 420 2357; x_wconf 86' lang='lat' dir='ltr'>suis</span> <span class='ocrx_word' id='word_1_240' title='bbox 448 2317 680 2369; x_wconf 90' lang='lat' dir='ltr'>repetundis</span> <span class='ocrx_word' id='word_1_241' title='bbox 700 2317 817 2357; x_wconf 87' lang='lat' dir='ltr'>rebus</span> <span class='ocrx_word' id='word_1_242' title='bbox 837 2317 1026 2357; x_wconf 87' lang='lat' dir='ltr'>solebant.</span> <span class='ocrx_word' id='word_1_243' title='bbox 1086 2316 1178 2357; x_wconf 91' lang='lat' dir='ltr'>Non</span> <span class='ocrx_word' id='word_1_244' title='bbox 1197 2331 1349 2366; x_wconf 89' lang='lat' dir='ltr'>aurum,</span> <span class='ocrx_word' id='word_1_245' title='bbox 1372 2331 1450 2358; x_wconf 90' lang='lat' dir='ltr'>non</span> 
     </span>
     <span class='ocr_line' id='line_1_32' title="bbox 123 2389 1451 2443; baseline -0.001 -14"><span class='ocrx_word' id='word_1_246' title='bbox 123 2394 347 2443; x_wconf 87' lang='lat' dir='ltr'>argentum,</span> <span class='ocrx_word' id='word_1_247' title='bbox 370 2401 450 2428; x_wconf 89' lang='lat' dir='ltr'>non</span> <span class='ocrx_word' id='word_1_248' title='bbox 478 2394 642 2437; x_wconf 85' lang='lat' dir='ltr'>vestem,</span> <span class='ocrx_word' id='word_1_249' title='bbox 674 2401 752 2428; x_wconf 92' lang='lat' dir='ltr'>non</span> <span class='ocrx_word' id='word_1_250' title='bbox 781 2389 976 2440; x_wconf 82' lang='lat' dir='ltr'>mancipia</span> <span class='ocrx_word' id='word_1_251' title='bbox 1004 2394 1202 2440; x_wconf 89' lang='lat' dir='ltr'>repetunt,</span> <span class='ocrx_word' id='word_1_252' title='bbox 1233 2401 1312 2428; x_wconf 89' lang='lat' dir='ltr'>non</span> <span class='ocrx_word' id='word_1_253' title='bbox 1341 2403 1451 2428; x_wconf 90' lang='lat' dir='ltr'>orna-</span> 
     </span>
     <span class='ocr_line' id='line_1_33' title="bbox 125 2458 1451 2511; baseline 0 -12"><span class='ocrx_word' id='word_1_254' title='bbox 125 2465 270 2508; x_wconf 86' lang='lat' dir='ltr'>menta,</span> <span class='ocrx_word' id='word_1_255' title='bbox 306 2472 406 2511; x_wconf 86' lang='lat' dir='ltr'>quae</span> <span class='ocrx_word' id='word_1_256' title='bbox 440 2472 489 2498; x_wconf 84' lang='lat' dir='ltr'>ex</span> <span class='ocrx_word' id='word_1_257' title='bbox 526 2458 691 2498; x_wconf 86' lang='lat' dir='ltr'>urbibus</span> <span class='ocrx_word' id='word_1_258' title='bbox 724 2458 904 2509; x_wconf 79' lang='lat' dir='ltr'>fanisque</span> <span class='ocrx_word' id='word_1_259' title='bbox 937 2464 1073 2510; x_wconf 78' lang='lat' dir='ltr'>crepta</span> <span class='ocrx_word' id='word_1_260' title='bbox 1107 2465 1222 2499; x_wconf 84' lang='lat' dir='ltr'>sunt:</span> <span class='ocrx_word' id='word_1_261' title='bbox 1265 2466 1451 2499; x_wconf 86' lang='lat' dir='ltr'>metuunt</span> 
     </span>
    </p>
   </div>
  </div>
 </body>
</html>
