1700 2729
217 186 260 220 28
516 185 571 220 M.
606 186 644 219 T.
675 185 965 220 CICERONIS
989 185 1254 221 ACTJONJS
1418 183 1490 231 [26.
1503 187 1550 221 66

217 290 435 343 Syracusis,
467 290 535 341 qui
569 303 685 342 saepe
719 290 834 329 istius
867 289 979 329 ducis
1013 303 1158 330 nomen
1186 289 1403 338 audissent,
1434 302 1551 342 saepe

217 361 456 408 timuissent,
475 374 563 400 cum
585 361 668 400 eius
689 361 867 400 cruciatu
885 366 1006 412 atque
1026 360 1219 413 supplicio
1239 373 1398 413 pascere
1418 359 1551 400 oculos

217 432 473 484 animumque
503 438 735 472 exsaturare
764 431 924 480 vellent,
956 439 1133 484 potestas
1161 431 1377 484 aspiciendi
1400 431 1551 472 nemini

161 510 200 539 66
217 503 323 542 facta
361 509 430 542 est.
509 503 626 542 Unus
664 503 797 555 plures
834 503 1082 555 praedonum
1121 502 1240 542 duces
1287 503 1400 543 vivos
1447 503 1553 556 cepit

217 574 260 613 P.
303 574 494 614 Servilius
534 588 655 626 quam
693 587 828 613 omnes
867 580 1015 614 antea:
1064 574 1268 626 ecquando
1311 574 1437 627 igitur
1473 574 1552 614 isto

217 645 352 684 fructu
387 645 597 696 quisquam
632 645 769 693 caruit,
806 651 853 684 ut
889 645 1027 684 videre
1065 645 1235 697 piratam
1273 651 1434 697 captum
1471 658 1552 685 non

217 715 384 755 liceret?
413 722 455 754 at
475 722 623 764 contra,
647 729 882 767 quacunque
903 716 981 755 iter
1000 716 1105 764 fecit,
1128 716 1202 755 hoc
1221 715 1552 755 iucundissimum

218 786 487 838 spectaculum
534 787 718 826 omnibus
765 787 993 826 vinctorum
1044 792 1330 838 captorumque
1375 786 1552 826 hostium

218 859 458 909 praebebat,
500 859 637 910 itaque
671 858 707 897 ei
741 871 953 897 concursus
986 857 1137 897 fiebant
1168 857 1357 909 undique,
1392 863 1440 896 ut
1472 871 1553 897 non

217 929 337 968 modo
368 943 419 968 ex
450 929 504 968 eis
536 929 704 981 oppidis,
738 942 817 980 qua
847 929 1107 976 ducebantur,
1141 928 1210 968 sed
1241 928 1363 968 etiam
1393 941 1444 968 ex
1469 928 1553 967 fini-

219 1001 327 1040 timis
357 1001 512 1040 visendi
547 1015 663 1040 causa
694 1001 962 1040 convenirent.
1033 1000 1123 1052 Ipse
1155 1006 1292 1040 autem
1325 999 1552 1052 triumphus

219 1085 338 1123 quam
373 1072 422 1111 ob
455 1086 540 1111 rem
574 1072 752 1111 omnium
786 1072 1083 1123 triumphorum
1120 1071 1371 1124 gratissimus
1404 1070 1552 1123 populo

218 1143 399 1182 Romano
432 1143 512 1181 fuit
545 1149 586 1182 et
618 1142 956 1182 iucundissimus?
1025 1142 1126 1191 Quia
1159 1142 1259 1181 nihil
1293 1147 1354 1181 est
1386 1141 1554 1182 victoria

219 1214 385 1262 dulcius,
422 1214 576 1253 nullum
611 1221 672 1254 est
704 1220 840 1254 autem
874 1214 1149 1254 testimonium
1182 1213 1373 1253 victoriae
1406 1213 1552 1252 certius

219 1298 348 1336 quam,
381 1298 479 1336 quos
509 1299 625 1337 saepe
654 1285 854 1333 metueris,
887 1299 952 1324 eos
982 1292 1021 1324 te
1051 1285 1205 1323 vinctos
1233 1283 1285 1323 ad
1314 1283 1553 1336 supplicium

161 1366 199 1402 67
218 1355 309 1394 duci
330 1355 475 1395 videre.
535 1355 623 1394 Hoc
644 1361 690 1394 tu
710 1369 829 1406 quam
856 1356 906 1394 ob
932 1368 1017 1394 rem
1037 1368 1118 1394 non
1137 1354 1296 1394 fecisti?
1353 1354 1482 1403 Quam
1502 1353 1552 1393 ob

218 1440 302 1466 rem
331 1427 387 1466 ita
416 1427 545 1479 pirata
574 1427 650 1466 iste
679 1427 899 1466 occultatus
930 1432 1000 1474 est,
1033 1426 1146 1478 quasi
1175 1439 1266 1465 eum
1294 1425 1416 1477 aspici
1441 1425 1553 1464 nefas

219 1506 323 1539 esset
339 1503 351 1539 ’.ὶ
404 1499 532 1548 Quam
548 1500 598 1539 ob
613 1513 698 1538 rem
718 1499 956 1551 supplicium
976 1512 1056 1538 non
1077 1498 1282 1551 sumpsisti
1298 1501 1312 1538 ’ἔ
1359 1498 1488 1547 Quam
1503 1498 1554 1537 ob

219 1584 376 1609 causam
397 1571 600 1610 hominem
615 1571 858 1610 reservasti?
913 1570 1090 1622 Ecquem
1109 1570 1183 1609 seis
1203 1570 1245 1608 in
1274 1569 1408 1609 Sicilia
1435 1574 1554 1608 antea

219 1649 379 1694 captum
399 1642 691 1694 archipiratam,
715 1643 783 1693 qui
804 1655 883 1681 non
904 1642 1031 1680 seciu²i
1050 1654 1258 1693 percussus
1279 1641 1360 1680 sit‘l
1415 1640 1553 1680 Unum

219 1714 314 1753 cedo
335 1720 539 1754 auctorem
554 1714 615 1753 tui
631 1714 737 1762 facti,
756 1714 875 1752 unius
891 1713 1025 1765 profer
1041 1712 1278 1764 exemplum.
1337 1712 1488 1751 Vivum
1507 1717 1554 1750 tu

218 1786 502 1837 archipiratam
522 1785 707 1824 servabas
727 1801 733 1824 :
764 1787 872 1836 quo?
901 1799 972 1836 per
1001 1784 1260 1835 triumphum,
1284 1783 1412 1831 credo,
1434 1796 1554 1834 quem

218 1863 311 1895 ante
346 1869 505 1894 currum
532 1862 647 1894 tuum
680 1855 870 1894 duceres:
910 1868 1038 1906 neque
1083 1855 1189 1893 enim
1223 1854 1435 1905 quicquam
1468 1859 1555 1893 erat

219 1927 429 1978 reliquum,
448 1927 524 1965 nisi
543 1927 605 1965 uti
626 1926 747 1965 classe
767 1925 906 1978 populi
933 1926 1105 1965 Romani
1124 1924 1391 1977 pulcherrima
1409 1924 1554 1963 amissa

218 1998 499 2050 provinciaque
519 1997 690 2037 lacerata
710 1997 938 2049 triumphus
959 1997 1033 2035 tibi
1053 1995 1205 2035 navalis
1225 1995 1514 2035 decerneretur.

271 2069 359 2122 Age
380 2083 509 2121 porro,
532 2068 724 2108 custodiri
743 2068 886 2107 ducem
912 2067 1161 2120 praedonum
1181 2081 1284 2106 novo
1304 2080 1414 2106 more
1433 2080 1554 2118 quam

147 2145 198 2184 27
218 2141 344 2180 securi
377 2141 488 2180 feriri
521 2141 700 2180 omnium
729 2139 911 2192 exemplo
944 2140 1070 2192 magis
1104 2138 1276 2191 placuit:
1325 2152 1426 2190 quae
1459 2143 1555 2178 sunt

161 2223 197 2251 68
217 2212 317 2251 istae
337 2211 568 2250 custodiae?
624 2210 747 2263 Apud
767 2224 865 2262 quos
889 2210 1098 2250 homines?
1155 2209 1282 2259 Quem
1310 2209 1363 2248 ad
1389 2209 1554 2249 modum

219 2289 279 2321 est
308 2283 572 2321 adservatus?
638 2282 873 2320 Lautumias
904 2281 1174 2334 Syracusanas
1205 2293 1341 2319 omnes
1371 2279 1551 2328 audistis,

216 2353 395 2404 plerique
424 2353 559 2391 nostis.
620 2352 730 2404 Opus
761 2357 822 2391 est
853 2352 1004 2404 ingens,
1038 2351 1304 2405 magnificum,
1337 2363 1479 2403 regum
1507 2363 1553 2388 ac

217 2430 505 2476 tyrannorum:
548 2429 679 2463 totum
709 2430 770 2463 est
799 2437 819 2463 e
849 2437 945 2463 saxo
974 2424 1016 2462 in
1046 2422 1269 2462 mirandam
1296 2421 1554 2461 altitudinem
