1700 2729
219 207 263 248 78
519 205 575 239 M.
610 205 649 239 Τ.
680 204 973 240 CICERONIS
997 204 1263 240 ACTJONJS
1396 204 1550 251 [72.187

219 309 368 350 violata
387 316 491 358 sunt,
514 316 561 349 ut
581 309 835 349 simulacrum
856 309 1010 349 Cereris
1030 323 1167 358 unum,
1190 309 1298 361 quod
1323 323 1346 349 a
1365 310 1452 349 viro
1471 323 1552 350 non

218 380 337 421 modo
366 380 479 434 tangi
499 380 568 421 sed
597 393 646 420 ne
665 381 787 433 aspici
807 380 969 432 quidem
988 381 1048 420 fas
1068 380 1156 429 fuit,
1180 394 1200 420 e
1220 381 1389 421 sacrario
1408 380 1553 421 Catina

219 452 523 493 convellendum
560 452 902 504 auferendumque
950 453 1158 500 curaverit,
1199 452 1370 492 alterum
1415 458 1552 492 autem

219 524 365 564 Henna
386 537 436 563 ex
464 537 534 562 sua
564 523 655 562 sede
684 536 728 562 ac
757 523 875 562 domo
905 523 1121 571 sustulerit,
1144 523 1251 574 quod
1280 530 1366 563 erat
1394 523 1484 572 tale,
1505 529 1554 563 ut

219 595 410 643 homines,
439 608 529 633 cum
558 593 753 642 viderent,
778 600 849 632 aut
874 594 1001 646 ipsam
1027 594 1162 633 xidere
1193 607 1234 633 se
1265 593 1450 641 Cererem
1482 599 1554 634 aut

221 661 389 714 effigiem
422 659 577 700 Cereris
610 673 690 699 non
723 659 897 698 humana
929 673 1050 698 manu
1082 659 1229 698 factam
1262 659 1332 699 sed
1364 659 1414 699 de
1447 659 1554 700 caelo

148 742 202 770 188
220 732 372 785 lapsam
403 731 694 770 arbitrarentur
707 746 718 780 3
757 744 827 770 vos
859 731 980 770 etiam
1009 736 1130 782 atque
1161 731 1282 770 etiam
1313 730 1483 783 imploro
1513 736 1555 771 et

220 802 387 855 appello,
428 802 698 841 sanctissimae
735 801 843 850 deae,
884 814 984 853 quae
1030 801 1119 840 illos
1165 801 1400 842 Hennenses
1445 801 1554 842 lacus

220 875 408 926 lucosque
428 873 611 921 incolitis,
630 879 872 924 cunctaeque
889 872 1055 921 Siciliae,
1073 886 1175 924 quae
1189 873 1288 912 mihi
1302 872 1554 913 defendenda

221 946 371 986 tradita
409 951 480 994 est,
510 944 756 997 praesidetis,
787 958 811 983 a
848 944 992 995 quibus
1029 944 1204 983 inventis
1232 944 1414 998 frugibus
1443 950 1485 984 et
1511 945 1555 984 in

222 1018 358 1057 orbem
377 1022 575 1057 terrarum
595 1015 832 1064 distributis,
850 1028 986 1055 omnes
1005 1021 1146 1069 gentes
1165 1029 1210 1055 ac
1230 1015 1411 1055 nationes
1430 1015 1556 1055 vestri

221 1088 413 1142 religione
441 1087 615 1126 numinis
645 1086 902 1126 continentur
915 1102 926 1136 3
954 1092 1104 1126 ceteros
1132 1087 1231 1126 item
1258 1086 1354 1126 deos
1381 1085 1555 1137 deasque

222 1173 359 1200 omnes
387 1158 556 1211 imploro
578 1165 619 1198 et
638 1158 827 1206 obtestor,
850 1171 1020 1209 quorum
1048 1157 1208 1210 templis
1237 1164 1278 1197 et
1296 1156 1556 1210 religionibus

222 1231 297 1271 iste
331 1230 483 1270 nefario
517 1229 690 1281 quodam
723 1229 857 1269 furore
891 1236 931 1268 et
963 1228 1128 1268 audacia
1160 1228 1373 1267 instinctus
1405 1227 1555 1267 bellum

224 1302 459 1355 sacrilegum
488 1314 642 1353 semper
670 1300 917 1352 impiumque
945 1300 1087 1339 habuit
1115 1299 1333 1339 indictum:
1363 1305 1420 1347 ut,
1452 1299 1485 1338 si
1513 1299 1555 1337 in

223 1373 296 1412 hoc
315 1386 383 1412 reo
403 1378 523 1424 atque
543 1372 584 1410 in
604 1372 676 1410 hac
696 1385 811 1410 causa
841 1371 973 1410 onmia
1001 1384 1088 1410 mea
1117 1370 1279 1409 consilia
1305 1369 1358 1409 ad
1386 1369 1556 1409 salutem

225 1445 432 1492 sociorum,
465 1443 706 1496 dignitatem
734 1442 872 1495 populi
900 1442 1081 1490 Romani,
1104 1440 1224 1480 fidem
1251 1454 1382 1480 meam
1409 1447 1556 1493 specta-

223 1520 380 1563 verunt,
417 1515 449 1554 si
482 1514 632 1553 nullam
665 1513 718 1553 ad
754 1527 839 1553 rem
872 1513 949 1552 nisi
981 1512 1033 1552 ad
1067 1512 1238 1552 officium
1271 1518 1312 1552 et
1343 1512 1556 1552 veritatem

225 1600 361 1627 omnes
380 1599 490 1625 meae
511 1598 637 1633 curae,
655 1584 816 1638 vigiliae
836 1584 1177 1637 cogitationesque
1195 1583 1438 1632 laborarunt,
1455 1596 1557 1635 quae

224 1672 312 1698 mea
340 1671 451 1697 mens
471 1657 514 1696 in
533 1655 784 1708 suscipienda
806 1669 922 1694 causa
941 1655 1030 1703 fuit,
1052 1654 1150 1694 fides
1170 1655 1213 1693 in
1230 1654 1396 1708 agenda,
1418 1653 1557 1694 eadem

151 1745 206 1782 189
224 1736 357 1769 vestra
374 1729 426 1768 sit
440 1729 482 1767 in
501 1727 714 1767 iudicanda
728 1743 739 1777 3
767 1726 911 1766 deinde
930 1727 992 1765 uti
1012 1726 1058 1766 G.
1082 1726 1260 1774 Verrem,
1277 1726 1311 1765 si
1327 1725 1410 1765 eius
1425 1725 1558 1765 omnia

225 1806 320 1840 sunt
356 1799 538 1838 inaudita
584 1805 625 1838 et
661 1797 878 1851 singularia
923 1797 1099 1837 facinora
1145 1796 1312 1845 sceleris,
1355 1795 1555 1845 audaciae,

224 1870 424 1924 perfidiae,
446 1869 634 1918 libidinis,
656 1869 858 1917 avaritiae,
881 1868 1138 1916 crudelitatis,
1156 1867 1302 1921 dignus
1321 1867 1453 1907 exitus
1473 1867 1558 1907 eius

226 1942 335 1982 modi
358 1942 443 1981 vita
470 1947 592 1992 atque
620 1940 734 1979 fact-is
763 1945 897 1979 vestro
925 1938 1072 1978 iudicio
1101 1943 1366 1990 consequatur
1378 1954 1390 1988 3
1416 1938 1558 1990 utique

225 2026 287 2053 res
307 2012 464 2065 publica
483 2024 650 2062 meaque
668 2010 766 2050 fides
786 2023 865 2049 una
885 2010 957 2049 hac
976 2010 1224 2049 accusatione
1253 2022 1341 2049 mea
1369 2014 1558 2049 contenta

226 2085 289 2133 sit,
320 2083 497 2134 mihique
534 2081 698 2134 posthac
735 2082 859 2121 bonos
889 2081 1023 2133 potius
1051 2080 1265 2120 defendere
1293 2079 1410 2119 liceat
1437 2093 1557 2131 quam

226 2155 426 2207 improbos
444 2166 626 2193 accusare
646 2166 802 2193 necesse
822 2153 883 2192 sit.
