1674 2729
86 161 172 210 3⁷]
230 164 298 199 IN
321 164 511 200 GAJUM
541 165 770 201 VERREM
794 167 1098 203 SECUNDAE
1125 171 1222 204 l.ll›'.
1252 171 1287 205 V.
1398 182 1416 215 3

84 266 217 308 dicere
235 267 392 308 audeas„
452 269 654 308 Obstitisti
677 269 872 318 videlicet,
896 285 943 311 ne
964 285 1013 311 ex
1035 272 1151 311 Italia
1180 275 1347 313 transire
1377 275 1415 313 in

85 337 261 379 Siciliam
289 338 553 392 fugitivorum
583 339 716 391 copiae
746 348 917 392 possent.
978 341 1087 382 Ubi?
1120 343 1308 394 quando?
1340 358 1417 395 qua

85 421 137 449 ex
154 411 293 462 parte?
311 422 401 449 cum
420 417 492 449 aut
511 410 664 449 ratibus
685 418 756 450 aut
772 411 939 451 navibus
955 421 1192 452 conarentur
1211 414 1417 454 accedere?

85 492 158 520 nos
199 480 306 520 enim
348 480 447 519 nihil
490 494 665 533 unquam
709 495 869 534 prorsus
910 483 1161 533 audivimus;
1207 484 1275 524 sed
1319 484 1416 523 illud

61 549 323 599 -audivimus,
358 551 413 590 M.
451 551 594 599 Crassi,
632 553 835 591 fortissimi
872 554 957 602 viri,
994 554 1144 594 virtute
1177 555 1417 607 consilioque

84 620 247 671 factum,
279 635 328 662 ne
357 622 510 661 ratibus
540 623 760 662 coniunctis
790 624 893 663 freto
923 625 1083 678 fugitivi
1112 625 1163 664 ad
1193 626 1416 665 Messanam

84 692 254 732 transire
284 699 471 745 possent3
503 708 527 732 a
557 707 636 745 quo
668 694 723 733 illi
755 702 900 734 conatu
932 709 1010 733 non
1043 702 1155 735 tanto
1186 710 1302 748 opere
1333 710 1417 749 pro-

84 762 248 803 hibendi
286 764 466 812 fuissent,
503 765 534 803 si
574 764 654 804 ulla
692 765 732 803 in
772 766 905 805 Sicilia
944 767 1138 818 praesidia
1171 767 1221 806 ad
1260 767 1415 806 illorum

83 833 304 874 adventum
337 835 519 887 opposita
553 843 799 888 putarentur.
863 838 941 875 ‘At
967 851 1055 876 cum
1090 845 1194 877 essct
1226 839 1266 877 in
1301 839 1454 878 Italia6

83 904 233 945 bellum
254 912 336 945 tam
356 920 479 958 prope
493 921 516 945 a
537 906 680 954 Sicilia,
700 914 833 946 tamen
855 908 894 946 in
916 908 1048 948 Sicilia
1065 923 1142 947 non
1164 909 1265 948 fuit.’
1313 910 1417 958 Quid

84 976 260 1016 mirum?
293 991 342 1016 ne
371 990 460 1016 cum
490 978 531 1016 in
560 977 694 1017 Sicilia
723 978 883 1029 quidem
916 979 994 1018 fuit
1022 979 1160 1019 codem
1194 980 1415 1029 intervallo,

83 1059 175 1099 pars
190 1047 274 1086 eius
289 1046 383 1086 belli
399 1048 440 1086 in
457 1047 615 1087 Italiam
631 1047 711 1087 ulla
727 1049 911 1100 pervasit.
968 1049 1126 1088 Etenim
1142 1050 1417 1102 propinquitas
1435 1054 1460 1092 3

82 1116 259 1157 locorum
273 1117 326 1157 ad
344 1124 477 1158 utram
497 1126 651 1171 partem
668 1119 740 1158 hoc
756 1119 842 1159 loco
862 1120 1063 1172 profertur
1079 1123 1092 1160 ’.ῑ
1111 1128 1247 1160 utrum
1263 1121 1417 1160 aditum

83 1187 239 1228 facilem
259 1189 440 1229 hostibus
460 1204 510 1228 an
532 1190 809 1243 contagionem
830 1191 1013 1229 imitandi
1043 1191 1136 1230 belli
1159 1192 1416 1244 periculosam

82 1258 235 1299 fuisse?
266 1259 401 1299 aditus
421 1261 549 1299 omnis
579 1260 805 1300 hominibus
825 1261 909 1300 sine
930 1261 1011 1300 ulla
1040 1262 1229 1302 facultate
1257 1263 1417 1301 navium

83 1343 164 1371 non
193 1331 311 1371 modo
330 1331 533 1371 diiunctus
553 1332 623 1371 sed
652 1333 773 1372 etiam
802 1332 956 1372 clausus
981 1339 1063 1373 est:
1098 1339 1144 1372 ut
1164 1334 1252 1383 illis,
1275 1335 1418 1386 quibus

84 1401 259 1442 Siciliam
278 1403 543 1456 propinquam
563 1403 684 1443 fuisse
704 1403 812 1452 dieis,
836 1404 988 1444 facilius
1008 1405 1131 1444 fuerit
1145 1405 1196 1444 ad
1216 1405 1416 1445 Oceanum

83 1474 291 1527 pervenire
320 1488 439 1526 quam
467 1474 519 1513 ad
548 1474 773 1515 Peloridem
803 1475 997 1515 accedere.
1057 1476 1254 1530 Contagio
1281 1483 1415 1516 autem
1435 1493 1452 1520 7

83 1545 162 1584 ista
180 1544 334 1584 servilis
353 1544 446 1584 belli
468 1558 537 1584 cur
555 1545 624 1584 abs
646 1551 685 1584 te
705 1546 838 1597 potius
853 1559 971 1597 quam
991 1546 1041 1585 ab
1061 1547 1116 1585 eis
1137 1547 1329 1595 omnibus,
1348 1547 1414 1598 qui

84 1621 233 1656 ceteras
270 1615 493 1668 provincias
527 1616 798 1664 obtinuerunt,
834 1617 1113 1669 praedicatur?
1150 1631 1201 1656 an
1234 1617 1340 1669 quod
1375 1618 1414 1656 in

36 1738 40 1741 ἡ
84 1686 218 1727 Sicilia
249 1687 329 1726 iam
361 1693 479 1726 antea
512 1687 615 1726 bella
649 1687 912 1740 fugitivorum
945 1688 1137 1728 fuerunt?
1177 1695 1221 1728 at
1253 1702 1298 1728 ea
1331 1690 1415 1741 ipsa

84 1770 201 1797 causa
220 1764 291 1806 est,
309 1771 378 1797 cur
397 1758 474 1797 ista
493 1758 697 1810 provincia
716 1759 880 1798 minimo
899 1759 941 1797 in
961 1759 1135 1810 periculo
1155 1759 1207 1798 sit
1222 1765 1263 1798 et
1281 1759 1412 1798 fuerit.

85 1827 190 1867 Nam
227 1834 365 1880 postea
398 1841 518 1880 quam
555 1828 663 1867 illinc
701 1828 766 1868 Μ’.
803 1829 990 1881 Aquilius
1023 1828 1203 1877 decessit,
1239 1829 1415 1868 omnium

83 1899 271 1938 instituta
298 1904 420 1951 atque
447 1899 578 1939 edicta
605 1906 834 1952 praetorum
864 1900 1028 1939 fuerunt
1048 1900 1132 1939 eius
1161 1899 1279 1948 modi,
1301 1906 1416 1939 utne

84 1970 173 2022 quis
206 1983 296 2009 cum
334 1969 415 2010 telo
448 1983 585 2009 servus
619 1976 733 2010 esset.
792 1970 920 2010 Vetus
954 1977 1025 2019 est,
1061 1970 1167 2022 quod
1200 1970 1340 2019 dicam,
1376 1976 1418 2010 et

83 2046 247 2094 propter
261 2041 516 2081 severitatem
532 2041 703 2094 exempli
719 2042 866 2081 nemini
886 2042 1053 2081 fortasse
1069 2048 1247 2080 vestrum
1266 2041 1416 2081 inaudi-

84 2118 195 2152 tum:
228 2112 272 2152 L.
294 2112 519 2152 Domitium
549 2121 774 2166 praetorem
802 2113 843 2152 in
870 2113 1014 2160 Sicilia,
1037 2126 1125 2152 cum
1153 2126 1248 2165 aper
1275 2113 1414 2166 ingens

83 2183 136 2223 ad
155 2196 246 2224 eum
265 2183 422 2224 adlatus
448 2192 562 2232 esset,
584 2183 825 2223 admiratum
855 2184 1074 2235 requisisse,
1097 2184 1184 2234 quis
1213 2197 1303 2222 eum
1331 2197 1415 2235 per-

84 2254 271 2294 cussisset
283 2269 294 2304 3
341 2267 430 2293 cum
467 2254 645 2294 audisset
681 2261 882 2307 pastorem
915 2253 1118 2293 cuiusdam
1157 2253 1287 2301 fuisse,
1324 2266 1413 2293 eum

84 2324 216 2365 vocari
234 2323 286 2363 ad
314 2337 356 2364 se
383 2324 568 2373 iussisse3
601 2323 713 2364 illum
740 2324 882 2376 cupide
901 2323 953 2362 ad
981 2328 1203 2375 praetorem
1223 2323 1334 2374 quasi
1362 2323 1413 2362 ad

82 2395 242 2435 laudem
262 2401 382 2446 atque
402 2394 453 2434 ad
482 2395 701 2446 praemium
729 2394 998 2433 adcucurrisse
1013 2410 1023 2442 3
1055 2394 1252 2444 quaesisse
1282 2393 1413 2432 Domi-
