1674 2729
127 231 258 280 29.⁷5]
290 234 358 270 IN
381 232 568 268 GAIUM
599 232 829 267 VERREM
852 231 1157 268 SECUNDAE
1183 236 1281 270 l.ll›'.
1312 237 1345 270 Γ.
1415 246 1452 280 31

127 343 191 379 tot
208 337 294 378 dies
318 338 516 385 tacuisset,
539 344 703 389 reponte
724 337 764 375 in
786 336 839 376 M.
862 337 998 386 Annii,
1028 338 1197 377 hominis
1227 340 1456 391 splendidis-

125 409 227 459 simi,
250 409 490 457 testimonio,
513 421 602 448 cum
631 409 664 447 is
693 408 820 447 civem
841 407 1065 448 Romanum
1094 409 1272 458 dixisset,
1294 411 1458 464 archipi-

126 485 255 520 ratam
275 486 459 534 negasset
478 480 603 520 securi
635 493 718 519 esse
749 493 988 531 percussum,
1021 480 1192 529 exsiluit,
1220 483 1457 522 conscientia

125 551 283 592 sceleris
303 557 345 591 et
363 551 497 591 furore
518 564 567 590 ex
587 550 788 590 maleficiis
813 559 1002 602 concepto
1029 552 1226 591 excitatus
1243 569 1249 592 :
1279 553 1383 592 dixit
1403 568 1454 602 se,

125 621 233 674 quod
252 621 372 662 sciret
390 621 464 660 sibi
485 621 639 660 crimini
660 620 799 660 (latum
820 621 867 659 iri
888 622 1095 673 pecuniam
1115 623 1309 675 accepisse
1330 638 1457 676 neque

124 692 176 734 de
195 705 290 733 vero
304 691 544 745 archipirata
564 691 776 744 sumpsisse
797 691 1043 744 supplicium,
1066 692 1156 732 ideo
1176 707 1216 733 se
1232 695 1356 733 securi
1378 708 1456 734 non

124 763 362 817 percussisse
376 778 387 812 ς
425 762 532 802 domi
563 775 646 802 esse
675 761 782 814 apud
811 775 894 802 sese
923 763 1182 816 archipiratas
1210 764 1316 804 dixit
1343 765 1452 806 duos.

126 834 161 876 Ο
181 834 432 874 clementiam
451 833 589 887 populi
609 833 777 872 Romani
802 846 872 872 seu
901 834 1033 885 potius
1057 835 1292 886 patientiam
1316 836 1455 876 miram
1474 858 1512 886 74

124 920 170 947 ae
199 905 465 960 singularem!
533 904 672 945 Civem
704 904 928 944 Romanum
957 906 1083 944 securi
1114 919 1197 946 esse
1228 920 1456 959 percussum

125 976 182 1017 M.
217 976 386 1024 Annius,
422 989 542 1028 eques
580 975 794 1023 Romanus,
834 974 953 1015 dicit:
1002 982 1106 1016 taces
1120 992 1131 1025 ,-
1176 977 1456 1030 archipiratam

126 1053 263 1101 negat:
294 1047 441 1086 fateris.
499 1046 568 1085 Fit
583 1046 757 1099 gemitus
777 1046 954 1085 omnium
975 1052 1015 1086 et
1035 1046 1190 1095 elamor,
1214 1061 1302 1087 cum
1322 1054 1455 1088 tamen

125 1131 149 1158 a
167 1119 367 1171 praesenti
396 1116 589 1170 supplicio
618 1123 689 1156 tuo
717 1117 916 1170 continuit
943 1117 1113 1170 populus
1133 1118 1335 1158 Romanus
1355 1132 1396 1158 se
1416 1126 1457 1159 et

125 1189 325 1242 repressit,
347 1194 389 1228 et
408 1188 547 1228 salutis
568 1201 661 1227 suae
690 1188 885 1227 rationem
913 1188 1089 1227 iudicum
1113 1189 1317 1229 severitati
1338 1203 1455 1229 reser-

58 1288 67 1296 ,
126 1259 247 1299 vavit.
307 1258 443 1308 Quid?
501 1258 660 1298 Sciebas
680 1259 754 1298 tibi
775 1259 929 1298 crimini
949 1259 1088 1298 datum
1109 1260 1187 1300 irite
1254 1260 1381 1310 Quam
1405 1261 1456 1301 ob

125 1343 210 1371 rem
228 1330 377 1370 sciebas
393 1332 406 1370 2
458 1329 586 1378 Quam
607 1329 657 1368 ob
677 1342 761 1369 rem
781 1330 901 1368 etiam
921 1330 1170 1382 suspicabare
1186 1333 1199 1370 2
1246 1330 1455 1370 Inimicum

126 1401 298 1442 habebas
328 1401 528 1441 neminem
542 1416 552 1450 3
581 1401 613 1440 si
645 1400 820 1449 haberes,
853 1406 987 1440 tamen
1018 1414 1097 1440 non
1126 1402 1183 1440 ita
1211 1402 1378 1450 vixeras,
1409 1409 1456 1441 ut

125 1477 278 1511 metum
297 1470 434 1510 iudicii
453 1471 702 1523 propositum
726 1470 870 1510 habere
894 1470 1069 1511 deberes.
1128 1472 1193 1510 An
1214 1478 1264 1520 te,
1287 1472 1328 1511 id
1348 1472 1455 1524 quod

126 1543 211 1582 fieri
224 1541 335 1590 solet,
351 1541 591 1582 conscientia
604 1541 791 1580 timidum
803 1542 1141 1594 suspiciosumque
1154 1543 1347 1583 faciebat?
1378 1543 1454 1592 Qui

125 1613 260 1667 igitur,
283 1625 373 1652 cum
393 1625 496 1652 esses
517 1625 605 1651 cum
625 1612 802 1664 imperio,
825 1612 905 1651 iam
924 1618 1012 1651 turn
1031 1613 1180 1653 crimen
1200 1619 1241 1653 et
1263 1613 1454 1653 iudicium

126 1684 337 1733 horrueris,
346 1683 410 1723 hic
424 1697 513 1723 cum
526 1688 589 1723 tot
601 1683 770 1722 testibus
785 1696 1008 1737 coarguare,
1017 1689 1130 1736 potes
1137 1684 1186 1724 de
1199 1684 1454 1725 damnatione

125 1755 340 1796 dubitare?
395 1754 547 1794 Verum
576 1754 609 1794 si
640 1755 789 1794 crimen
815 1754 888 1794 hoe
918 1755 1135 1803 metuebas,
1168 1768 1218 1795 ne
1248 1755 1336 1807 quis
1367 1769 1454 1807 sup-
1473 1775 1511 1806 75

124 1826 301 1880 positum
337 1825 407 1866 abs
446 1831 486 1865 te
519 1838 604 1865 esse
641 1824 802 1874 diceret,
842 1826 911 1877 qui
943 1839 1016 1878 pro
1052 1826 1292 1879 archipirata
1328 1828 1454 1867 securi

125 1897 335 1938 feriretur:
364 1902 502 1936 utrum
530 1895 693 1935 tandem
718 1896 792 1935 tibi
819 1896 871 1936 ad
899 1896 1171 1937 defensionem
1191 1898 1342 1937 firmius
1370 1898 1454 1938 fore

125 1969 288 2022 putasti,
310 1969 352 2008 in
380 1968 526 2008 iudicio
557 1973 696 2007 coactu
723 1973 844 2019 atque
875 1968 1094 2021 efflagitatu
1122 1981 1210 2008 meo
1238 1969 1455 2021 producere

124 2039 177 2079 ad
196 2040 354 2093 ignotos
374 2044 488 2078 tanto
507 2043 598 2090 post
618 2051 720 2086 eum,
743 2051 861 2090 quem
880 2038 1160 2091 archipiratam
1189 2053 1272 2079 esse
1291 2039 1451 2088 diceres,

125 2123 177 2150 an
213 2110 364 2150 recenti
397 2122 450 2158 re,
487 2109 704 2162 Syracusis,
740 2108 848 2161 apud
880 2115 1006 2158 notos,
1039 2110 1286 2162 inspectante
1320 2110 1453 2150 Sicilia

125 2194 251 2234 paene
271 2186 368 2229 tota,
390 2180 517 2220 securi
530 2179 649 2220 ferire
668 2182 681 2219 2
727 2179 842 2227 Vide,
861 2179 957 2230 quid
977 2180 1145 2228 intersit,
1161 2187 1297 2219 utrum
1313 2181 1453 2220 facien-

125 2252 223 2293 dum
242 2252 374 2292 fuerit.
434 2250 482 2290 In
510 2250 579 2290 illo
607 2250 862 2302 reprehensio
890 2250 1000 2289 nulla
1029 2257 1132 2290 esset
1146 2267 1156 2300 3
1185 2251 1247 2290 hic
1275 2251 1452 2292 defensio

126 2324 236 2364 nulla
255 2330 324 2364 est.
385 2323 526 2374 Itaque
555 2321 655 2361 illud
683 2336 838 2374 semper
866 2336 1002 2362 omnes
1035 2323 1238 2372 fecerunt,
1267 2323 1339 2362 hoc
1365 2324 1453 2375 quis

125 2401 220 2434 ante
248 2400 300 2443 te,
331 2393 419 2445 quis
452 2398 609 2445 praeter
641 2398 681 2432 te
715 2393 863 2442 fecerit,
896 2407 1052 2444 quaero.
1111 2393 1287 2432 Piratam
1316 2395 1451 2434 vivum

127 2464 315 2506 tenuisti:
345 2476 463 2516 quem
482 2461 534 2502 ad
554 2461 672 2502 finem
691 2465 704 2503 2
733 2463 840 2503 Dum
861 2477 949 2503 cum
970 2465 1135 2516 imperio
1155 2464 1265 2503 fuisti
1283 2467 1296 2504 ‘l
1324 2464 1450 2514 Quam
