1674 2729
356 643 423 692 M.
481 645 718 694 TULLII
773 647 1147 700 CICERONIS

234 762 494 805 ACTIONIS
534 766 593 805 IN
631 767 679 806 G.
712 767 939 808 VERREM
977 770 1272 812 SECUNDAE

526 853 688 894 LIBER
726 855 973 904 QUINTUS

81 996 251 1039 NEMINI
285 1001 402 1041 video
434 1002 601 1042 dubium
635 1018 730 1053 esse,
766 1006 925 1055 iudices,
957 1009 1053 1059 quin
1085 1010 1332 1061 apertissime
1362 1012 1407 1051 G.
1433 1013 1453 1052 1

79 1067 225 1109 Verres
258 1071 299 1110 in
333 1072 466 1112 Sicilia
499 1088 608 1114 saera
641 1076 884 1128 profanaque
918 1078 1050 1117 omnia
1083 1086 1124 1118 ct
1154 1080 1340 1132 privatim
1373 1090 1412 1122 et
1433 1099 1446 1118 1

78 1139 234 1192 publice
250 1142 430 1194 spoliarit
443 1152 702 1198 versatusque
718 1147 770 1186 sit
785 1147 869 1187 sine
885 1148 964 1187 ulla
981 1163 1058 1188 non
1076 1150 1193 1189 modo
1209 1151 1409 1205 religione,

77 1224 217 1251 verum
240 1213 361 1253 etiam
380 1214 695 1258 dissimulatione
725 1219 765 1257 in
795 1220 902 1258 omni
929 1234 1074 1273 genere
1103 1221 1262 1262 furandi
1290 1230 1411 1275 atque

76 1283 304 1335 praedandi.
363 1286 443 1327 Sed
464 1289 659 1340 quaedam
688 1290 785 1329 mihi
814 1292 1023 1345 magnifica
1048 1299 1089 1332 et
1108 1294 1306 1345 praeclara
1327 1296 1410 1335 eius

75 1352 255 1395 defensio
283 1358 520 1408 ostenditur,
553 1361 615 1400 cui
644 1374 762 1413 quem
791 1362 841 1401 ad
870 1363 1033 1402 modum
1062 1364 1252 1413 resistam,
1282 1367 1408 1407 multo

74 1424 173 1464 mihi
214 1432 309 1467 ante
351 1435 422 1477 est,
463 1430 622 1479 iudices,
663 1432 965 1484 providendum.
1043 1434 1106 1474 Ita
1148 1436 1253 1475 enim
1292 1451 1407 1476 causa

73 1496 342 1547 constituitur,
363 1501 608 1552 provinciam
636 1502 811 1542 Siciliam
831 1504 980 1544 virtute
1000 1505 1115 1545 istius
1139 1512 1180 1545 et
1198 1507 1405 1560 vigilantia

71 1565 264 1620 singulari
305 1568 437 1609 dubiis
484 1571 828 1625 formidolosisque
871 1576 1115 1627 temporibus
1157 1591 1180 1615 a
1223 1578 1403 1630 fugitivis

69 1642 192 1689 atque
215 1652 239 1677 a
266 1639 360 1679 belli
388 1641 572 1693 periculis
601 1649 731 1682 tutam
760 1658 843 1684 esse
873 1652 1080 1685 servatam.
1140 1646 1245 1695 Quid
1273 1663 1398 1701 agam,

34 1727 37 1729 >
69 1707 248 1750 iudices?
276 1724 355 1762 quo
369 1713 628 1753 accusationis
649 1728 758 1755 meae
773 1716 967 1756 rationem
984 1717 1211 1757 conferam?
1239 1732 1318 1770 quo
1338 1733 1398 1759 mc
1418 1732 1436 1752 2

68 1782 253 1820 vertam?
280 1781 332 1820 ad
351 1795 487 1822 omnes
508 1784 613 1824 enim
633 1799 740 1825 meos
760 1786 933 1838 impetus
953 1787 1065 1838 quasi
1085 1801 1221 1827 murus
1237 1789 1397 1840 quidam

67 1848 162 1889 boni
195 1864 339 1892 nomen
372 1853 622 1907 imperatoris
656 1857 880 1910 opponitur.
952 1857 1058 1897 Novi
1091 1859 1244 1909 locum,·
1283 1861 1398 1900 video

66 1919 135 1960 ubi
165 1934 207 1962 se
239 1922 458 1964 iactaturus
491 1927 544 1966 sit
574 1927 836 1968 Hortensius:
877 1928 969 1968 belli
1003 1929 1186 1981 pericula,
1219 1937 1397 1984 tempora

65 1991 123 2030 rei
151 1991 343 2044 publicae,
376 1994 662 2048 imperatorum
692 1998 899 2050 penuriam
929 2001 1252 2040 commemorabit
1266 2017 1276 2050 5
1310 2008 1395 2041 tum

63 2060 342 2115 deprecabitur
369 2079 393 2105 a
411 2067 534 2116 vobis,
557 2074 643 2108 tum
664 2069 784 2108 etiam
812 2083 884 2122 pro
903 2083 974 2109 suo
994 2070 1078 2110 iure
1099 2071 1322 2119 contendet,
1346 2086 1393 2112 nc

62 2132 269 2184 patiamini
303 2135 424 2176 talem
457 2137 737 2190 imperatorem
773 2139 921 2192 populo
958 2141 1137 2180 Romano
1170 2141 1392 2181 Siculorum

62 2203 301 2245 testimoniis
321 2207 430 2259 eripi,
454 2222 502 2248 ne
522 2209 650 2249 obteri
671 2210 828 2250 laudem
849 2211 1143 2263 imperatoriam
1163 2212 1390 2252 criminibus

59 2273 251 2315 avaritiae
274 2275 416 2316 velitis.
475 2278 567 2318 Non
596 2294 756 2332 possum
779 2281 1038 2329 dissimulare,
1070 2281 1229 2329 iudices,
1256 2283 1386 2330 timeo,

60 2343 176 2384 neG.
199 2344 344 2386 Verres
372 2354 536 2401 propter
563 2350 663 2390 hanc
683 2352 868 2391 eximiam
889 2352 1079 2391 virtutem
1104 2352 1143 2390 in
1165 2366 1205 2392 re
1226 2353 1386 2392 militari
1406 2365 1425 2394 3

58 2415 201 2464 omnia,
237 2430 338 2468 quae
376 2418 480 2467 fecit,
516 2420 677 2472 impune
715 2423 862 2462 feccrit.
922 2422 1044 2462 Venit
1077 2423 1181 2462 enim
1216 2423 1310 2462 mihi
1346 2425 1385 2462 in

715 2503 741 2530 A
