1674 2729
127 205 261 253 2460]
305 207 372 243 IN
394 207 583 243 GAIUM
615 207 840 242 VERREM
866 208 1170 243 SECLNDAE
1196 209 1294 244 Lllss.
1323 210 1358 243 1².
1411 218 1452 254 25

127 323 261 352 rerum
288 311 342 351 sit
370 324 486 350 usum
515 324 635 363 quam
664 311 906 351 Mamertina
935 312 1103 352 civitas?
1141 326 1211 365 per
1240 314 1454 352 trienninm

126 380 212 431 soli,
243 394 293 422 ex
320 381 481 422 foedere
510 381 617 434 quod
647 381 884 430 debuerunt,
916 395 993 421 non
1023 382 1246 431 dederunt,
1279 383 1351 421 soli
1381 383 1456 422 isto

126 457 309 505 praetore
342 453 520 493 omnium
554 466 686 492 rerum
721 453 916 493 immunes
946 453 1133 502 fuerunt,
1171 454 1242 492 soli
1274 454 1312 492 in
1342 453 1457 492 istius

126 523 294 577 imperio
322 538 369 564 ea
397 524 626 564 condicione
656 526 856 574 vixerunt,
887 532 934 564 ut
966 525 1112 578 populo
1147 526 1326 565 Romano
1359 524 1455 564 nihil

125 593 280 643 darent,
302 594 419 635 Verri
440 595 539 634 nihil
560 603 763 649 negarent.

179 665 332 706 Verum
360 673 407 706 ut
434 667 486 706 ad
520 667 694 715 classem,
725 681 804 719 quo
838 682 887 707 ex
921 667 1006 706 loco
1039 681 1126 706 sum
1159 667 1370 720 digressus,
1403 681 1457 706 re·
1475 665 1527 704 23

125 743 271 786 vertar,
292 738 477 790 accepisti
497 752 520 777 a
541 739 792 778 Mamertinis
814 753 954 778 navem
975 745 1112 778 contra
1132 738 1248 791 leges,
1272 738 1457 777 remisisti
1477 748 1514 777 59

126 813 265 848 contra
294 808 464 848 foedera.
536 809 599 848 Ita
630 809 671 848 in
702 823 781 848 una
815 809 977 849 civitate
1011 810 1070 848 bis
1099 810 1302 861 improbus
1334 809 1455 857 fuisti,

127 893 218 919 cum
251 885 293 920 et
324 880 512 920 remisisti
546 880 654 932 quod
689 894 766 920 non
801 881 1022 933 oportebat,
1059 887 1100 920 et
1133 881 1314 932 accepisti
1350 880 1457 932 quod

128 964 209 991 non
249 951 403 991 licebat.
481 951 651 1004 Exigere
691 958 730 991 te
773 953 952 1004 oportuit
990 966 1142 999 navem,
1183 965 1283 1003 quac
1322 958 1458 990 contra

128 1021 359 1074 praedones,
391 1036 469 1062 non
503 1036 604 1074 quae
638 1036 727 1061 cum
761 1023 907 1074 praeda
942 1023 1158 1076 navigaret,
1194 1018 1294 1074 quae
1327 1023 1459 1062 defen-

127 1092 244 1133 deret
268 1107 318 1133 ne
344 1093 547 1145 provincia
576 1093 823 1145 spoliaretur,
851 1107 929 1133 non
953 1107 1053 1145 quae
1082 1093 1306 1146 provinciae
1336 1093 1460 1145 spolia

129 1169 318 1216 portaret.
391 1163 624 1203 Mamertini
659 1164 732 1203 tibi
767 1170 807 1204 et
840 1164 990 1212 urbem,
1027 1177 1105 1215 quo
1139 1164 1246 1203 furta
1284 1163 1460 1215 undiquc

129 1233 373 1287 deportares,
414 1241 455 1274 et
493 1248 646 1283 navem,
687 1235 728 1273 in
767 1248 844 1286 qua
883 1241 1124 1287 exportares,
1164 1235 1460 1287 praebroerunt,

129 1303 231 1344 illud
250 1305 324 1344 tibi
353 1304 544 1357 oppidum
574 1305 866 1357 receptaculum
896 1305 1065 1357 praedae
1094 1305 1182 1353 fuit,
1204 1304 1260 1343 illi
1283 1305 1460 1344 homines

130 1382 254 1416 testes
287 1376 551 1428 custodesque
585 1377 795 1424 furtorum,
832 1377 890 1416 illi
924 1377 997 1415 tibi
1033 1384 1073 1416 et
1106 1376 1234 1416 locum
1269 1377 1386 1415 furtis
1420 1382 1459 1415 et

130 1446 330 1486 furtorum
359 1446 585 1487 vehiculum
615 1452 954 1498 comparaverunt.
1015 1447 1156 1498 Itaque
1185 1460 1233 1486 ne
1264 1453 1349 1486 tum
1379 1447 1460 1498 qui-

129 1517 233 1565 dem,
274 1531 363 1557 cum
406 1518 569 1557 classem
611 1518 779 1556 avaritia
822 1532 865 1557 ac
914 1518 1091 1569 nequitia
1130 1523 1198 1556 tua
1236 1517 1456 1570 perdidisti,

130 1588 383 1628 Mamertinis
417 1602 559 1628 navem
598 1589 791 1641 imperare
829 1602 948 1627 ausus
987 1602 1050 1628 es:
1095 1602 1174 1640 quo
1208 1595 1385 1640 tempore
1419 1588 1459 1626 in

131 1664 245 1698 tanta
264 1659 398 1711 inopia
423 1659 585 1698 navium
612 1665 804 1711 tantaque
831 1658 1055 1698 calamitate
1082 1659 1316 1711 provinciae,
1339 1659 1459 1698 etiam

131 1729 163 1769 si
201 1729 377 1782 precario
416 1736 549 1769 essent
586 1729 764 1783 rogandi,
806 1736 938 1768 tamen
981 1729 1032 1768 ab
1073 1729 1128 1768 cis
1166 1729 1456 1780 impetraretur.

131 1800 390 1853 Reprimebat
418 1800 524 1840 enim
553 1801 627 1840 tibi
657 1807 697 1840 et
726 1800 947 1852 imperandi
976 1800 1058 1838 vim
1087 1806 1128 1838 et
1156 1799 1321 1852 rogandi
1351 1814 1460 1838 cona-

131 1877 219 1911 tum
252 1871 452 1924 praeclara
480 1871 558 1920 illa,
591 1886 667 1911 non
704 1871 850 1924 populo
886 1872 1064 1910 Romano
1099 1871 1256 1910 reddita
1293 1871 1458 1919 biremis,

130 1941 201 1982 sed
219 1942 393 1995 praetori
413 1942 561 1982 donata
581 1943 750 1996 cybaea:
781 1956 826 1982 ea
851 1943 929 1982 fuit
955 1956 1102 1982 merces
1122 1942 1287 1994 imperii,
1309 1942 1458 1990 auxilii,

130 2013 240 2062 iuris,
262 2013 571 2062 consuetudinis,
595 2013 775 2052 foederis.

185 2084 356 2124 Habetis
393 2085 511 2124 unius
549 2084 722 2123 civitatis
761 2084 919 2123 firmum
956 2083 1150 2122 auxilium
1191 2083 1380 2122 amissum
1417 2097 1460 2122 ac
1479 2094 1518 2122 60

130 2155 340 2196 venditum
373 2155 525 2207 pretio:
569 2155 793 2208 cognoscite
831 2168 935 2193 nunc
973 2167 1116 2193 novam
1155 2153 1372 2206 praedandi
1405 2168 1461 2193 ra-

131 2225 293 2273 tionem,
323 2225 374 2265 ab
407 2225 480 2265 hoc
513 2226 687 2278 primum
720 2225 998 2278 excogitatam.
1057 2224 1271 2276 Sumptum
1304 2238 1460 2264 omnem
1480 2232 1532 2271 24

131 2295 174 2335 in
202 2295 366 2336 classem
393 2296 606 2344 frumento,
633 2296 832 2348 stipendio
862 2295 1081 2346 ceterisque
1111 2295 1227 2334 rebus
1256 2308 1327 2334 suo
1347 2309 1461 2346 quac-

132 2379 210 2418 que
243 2366 442 2406 nauarcho
473 2366 612 2406 civitas
645 2379 800 2418 semper
832 2365 928 2405 darc
961 2365 1122 2404 solebat.
1183 2364 1222 2403 Is
1256 2378 1381 2416 neque
1415 2372 1461 2404 ut

133 2443 387 2477 accusaretur
414 2451 438 2477 a
466 2437 599 2476 nautis
627 2437 876 2476 committere
909 2435 1091 2482 audebat,
1123 2441 1164 2474 et
1197 2435 1346 2474 civibus
1380 2436 1460 2475 suis
