1674 2729
123 215 258 264 26.65]
302 218 370 253 IN
393 218 581 253 GAJUM
611 218 841 252 VERREM
863 218 1169 255 SECUNDAE
1196 222 1296 255 Lm.
1325 221 1359 255 1'.
1414 231 1455 263 27

125 321 253 375 plenis
286 322 532 376 navigarent,
566 335 706 361 navem
736 322 936 374 quandam
971 324 1189 375 piratarum
1222 325 1367 376 praeda
1402 339 1456 365 re-

125 392 270 433 fertam
308 406 387 433 non
426 399 618 445 ceperunt
654 393 723 433 scd
761 393 1028 442 abduxerunt,
1069 409 1187 434 onere
1231 409 1303 434 suo
1341 396 1456 448 plane

125 468 282 517 captam
308 469 430 516 atque
453 463 690 516 depressam.
751 464 848 505 Erat
877 479 922 504 ea
952 466 1063 504 navis
1092 465 1207 518 plena
1237 467 1458 506 iuventutis

125 534 442 582 formosissimae,
483 535 601 587 plena
637 536 794 589 argenti
833 536 927 575 facti
966 543 1086 588 atquc
1133 537 1290 590 signati,
1332 537 1458 576 inulta

125 618 215 646 cum
243 606 421 660 stragula
450 613 571 646 veste.
632 607 741 646 Haec
771 620 850 646 nna
880 607 991 646 navis
1020 622 1043 646 a
1072 607 1193 647 classe
1224 615 1358 647 nostra
1379 622 1457 648 non

124 683 241 730 capta
270 683 332 717 est
364 677 434 718 sed
467 678 631 718 inventa
665 678 715 717 ad
751 678 1010 731 Megaridem,
1045 679 1111 730 qui
1147 679 1253 718 locus
1285 687 1345 718 est
1379 693 1455 719 non

124 747 242 802 longe
270 762 294 788 a
322 748 539 802 Syracusis
600 748 716 798 Quod
746 749 813 788 ubi
843 750 909 788 isti
941 750 1170 788 nuntiatum
1201 757 1271 798 cst,
1299 751 1456 790 tametsi

124 819 167 859 in
186 825 275 859 acta
294 833 384 859 cum
412 820 654 860 mulierculis
683 821 838 860 iacebat
867 821 1009 869 ebrius,
1032 822 1160 860 erexit
1189 836 1229 860 se
1261 828 1393 861 tamen
1417 828 1458 861 et

125 891 263 930 statim
291 891 492 943 quaestori
526 891 736 945 legatoque
771 905 842 931 suo
874 891 1057 931 custodes
1087 893 1196 931 misit
1224 892 1455 945 complures,

126 968 174 1002 ut
205 963 338 1002 omnia
371 963 445 1002 sibi
479 963 636 1016 integra
665 976 784 1015 quam
818 963 990 1015 primum
1025 963 1318 1003 exhiberentur.
1378 963 1458 1002 Ad·
1476 972 1514 1008 64

126 1031 291 1085 pellitur
328 1033 440 1072 navis
478 1033 721 1086 Syracusas,
769 1039 1024 1086 exspectatur
1061 1033 1111 1073 ab
1149 1034 1331 1073 omnibus
1370 1047 1458 1086 sup-

103 1102 311 1156 ·plicium:
340 1104 427 1152 iste,
459 1104 571 1155 quasi
600 1104 747 1156 praeda
775 1104 848 1143 sibi
878 1104 1055 1152 advecta,
1086 1118 1163 1144 non
1193 1105 1458 1157 praedonibus

127 1175 263 1227 captis,
299 1174 333 1214 si
365 1175 433 1226 qui
472 1188 584 1214 senes
621 1189 665 1214 ae
703 1175 901 1215 deformes
940 1181 1064 1223 erant,
1101 1189 1166 1215 eos
1205 1176 1245 1214 in
1283 1176 1457 1215 hostium

128 1258 294 1286 numero
312 1245 448 1295 ducit3
477 1246 544 1298 qui
565 1246 717 1298 aliquid
741 1247 901 1295 formae,
924 1247 1068 1286 aetatis
1087 1247 1324 1298 artificiique
1345 1247 1459 1286 habc-

127 1316 236 1366 bant,
266 1316 431 1356 abducit
459 1331 622 1367 ornnes3
651 1317 863 1357 nonnullos
893 1317 1029 1356 scribis
1059 1318 1150 1366 suis,
1182 1317 1263 1357 filio
1293 1317 1458 1357 cohorti-

128 1401 206 1440 que
237 1387 456 1436 distribuit,
492 1388 795 1441 symphoniacos
829 1388 1008 1428 homines
1042 1402 1112 1428 sex
1145 1388 1301 1427 cuidam
1334 1388 1459 1427 amico

129 1471 200 1498 suo
229 1459 397 1498 Romam
426 1460 580 1498 muneri
611 1460 729 1499 misit.
789 1459 883 1499 Nox
912 1459 979 1498 illa
1009 1464 1094 1498 tota
1122 1459 1164 1498 in
1191 1458 1460 1498 exinaniunda

130 1543 230 1570 nave
267 1530 524 1569 consumitur.
597 1530 891 1582 Archipiratam
931 1531 1060 1582 ipsum
1099 1529 1211 1569 videt
1249 1544 1374 1577 nemo,
1409 1529 1459 1569 de

129 1613 209 1652 quo
241 1599 479 1653 supplicium
508 1601 610 1640 sumi
639 1601 827 1652 oportuit.
888 1600 1020 1639 Hodie
1055 1613 1190 1639 omnes
1223 1600 1277 1638 sie
1311 1600 1460 1638 habent

129 1671 281 1723 —quid
310 1671 394 1711 eius
423 1671 485 1720 sit,
518 1685 587 1711 vos
616 1671 841 1711 coniectura
870 1670 1034 1722 adsequi
1063 1670 1218 1710 debetis
1243 1696 1306 1719 —,
1337 1670 1459 1709 istum

130 1741 231 1781 clam
259 1756 282 1780 a
310 1742 449 1794 piratis
478 1743 529 1781 ob
562 1742 666 1781 hunc
700 1742 981 1794 archipiratam
1016 1741 1223 1793 pecuniam
1252 1741 1456 1792 accepisse.

133 1813 396 1853 ‘Coniectura
433 1813 518 1853 cst)
593 1813 722 1853 Iudex
759 1829 842 1853 esse
886 1814 1012 1852 bonus
1056 1826 1171 1851 nemo
1210 1818 1352 1864 potest,
1392 1812 1459 1862 qui
1479 1818 1531 1857 26

130 1885 352 1937 suspicione
381 1891 489 1924 certa
522 1899 601 1924 non
634 1891 828 1924 movetur.
889 1884 1104 1924 Hominem
1138 1884 1272 1931 nostis,
1305 1896 1461 1922 consue—
1479 1893 1516 1929 65

130 1955 314 1995 tudinem
359 1955 538 1995 omnium
585 1955 741 2004 tenetis,
791 1955 859 2007 qui
907 1954 1049 1994 ducem
1100 1953 1345 2006 praedonum
1391 1959 1462 1992 aut

131 2026 307 2066 hostium
340 2027 499 2079 ceperit,
535 2040 654 2078 quam
692 2026 864 2066 libenter
903 2040 992 2065 eum
1031 2025 1161 2077 palam
1198 2031 1291 2064 ante
1329 2023 1461 2064 oculos

131 2097 310 2138 omnium
339 2111 422 2137 esse
451 2098 649 2150 patiatur:
680 2097 881 2136 hominem
911 2097 951 2135 in
981 2102 1094 2135 tanto
1124 2101 1323 2135 conventu
1346 2095 1462 2147 Syra—

132 2168 235 2207 cusis
255 2167 338 2207 vidi
368 2168 577 2216 neminem,
600 2168 760 2216 iudices,
783 2167 851 2219 qui
880 2166 1160 2218 archipiratam
1189 2170 1350 2216 captum
1378 2177 1462 2203 sese

133 2238 279 2278 vidisse
316 2238 477 2286 diceret,
519 2252 608 2278 cum
647 2252 793 2286 omnes,
834 2243 881 2276 ut
918 2251 1002 2276 mos
1037 2243 1106 2284 cst,
1143 2242 1189 2274 ut
1226 2235 1327 2274 solet
1365 2234 1460 2282 ficri,

134 2314 424 2357 concurrerent,
455 2314 704 2361 quaererent,
741 2308 877 2348 videre
911 2312 1110 2359 cuperent.
1170 2305 1274 2354 Quid
1307 2304 1460 2354 accidit,

133 2393 204 2420 cur
232 2386 346 2420 tanto
379 2393 496 2432 opere
530 2380 606 2420 iste
640 2380 758 2420 homo
793 2378 1068 2426 occultaretur,
1100 2384 1147 2416 ut
1176 2390 1265 2416 eum
1295 2390 1343 2416 ne
1372 2389 1464 2415 casu

136 2451 298 2503 quidem
345 2452 554 2503 quisquam
602 2452 775 2503 aspicere
822 2452 991 2502 posset?
1047 2449 1224 2488 homines
1275 2446 1463 2486 maritimi
