1700 2729
244 251 284 287 52
540 243 596 277 M.
630 243 668 278 T.
700 244 992 278 CICERONIS
1015 244 1282 280 ACTJONJS
1423 245 1576 292 [48.127

239 347 418 386 homines
438 347 624 398 imperiti,
647 360 696 386 ne
722 347 801 386 iam
829 348 924 386 haec
952 348 1122 400 populus
1152 349 1355 389 Romanus
1385 351 1575 391 concedat

239 424 280 458 et
316 418 373 457 ita
411 418 510 457 velit
546 418 641 457 fieri.
705 418 888 457 Patimur
926 419 1031 458 enim
1069 419 1216 458 multos
1255 421 1333 460 iam
1370 435 1496 461 annos
1533 429 1576 462 et

238 491 408 539 silemus,
432 503 521 529 cum
541 490 747 529 videamus
767 490 817 528 ad
846 503 990 542 paucos
1020 491 1199 530 homines
1229 505 1365 532 omnes
1395 494 1574 533 omnium

237 562 445 601 nationum
465 561 651 613 pecunias
670 561 906 612 pervenisse.
967 560 1084 609 Quod
1105 575 1150 600 eo
1170 563 1296 614 magis
1317 563 1420 603 ferre
1440 564 1574 604 animo

236 646 363 684 aequo
384 638 424 672 et
444 631 658 671 concedere
677 631 871 679 videmur,
894 632 987 683 quia
1007 645 1123 671 nemo
1143 633 1313 672 istorum
1332 634 1570 684 dissimulat,

161 725 217 752 127
236 717 352 743 nemo
380 703 535 742 laborat
562 709 610 741 ut
639 703 804 741 obscura
833 715 903 740 sua
933 702 1129 753 cupiditas
1159 716 1241 742 esse
1270 704 1464 744 videatur.
1525 706 1573 745 In

234 776 332 814 urbe
363 780 499 813 nostra
529 774 795 826 pulcherrima
824 780 945 824 atque
977 774 1228 812 ornatissima
1259 775 1365 826 quod
1400 777 1570 829 signum,

234 861 335 899 quae
365 847 502 886 tabula
531 847 638 898 picta
669 852 739 894 est,
773 859 874 897 quae
906 858 986 883 non
1016 846 1066 884 ab
1097 846 1279 885 hostibus
1309 847 1426 887 victis
1457 854 1573 900 capta

232 926 354 972 atque
373 919 584 971 deportata
604 919 685 958 sit?
741 917 799 956 At
826 918 996 956 istorum
1024 917 1142 956 Villae
1171 918 1367 958 sociorum
1395 919 1572 959 fidelissi-

232 1005 388 1030 morum
415 990 598 1042 plurimis
627 995 668 1029 et
687 988 962 1041 pulcherrimis
983 988 1118 1040 spoliis
1139 996 1302 1029 ornatae
1321 990 1572 1043 refertaeque

231 1069 335 1102 sunt.
395 1062 478 1101 Ubi
497 1061 683 1114 pecunias
704 1066 933 1099 exterarum
956 1060 1166 1099 nationum
1195 1073 1278 1100 esse
1307 1061 1568 1111 arbitramini,

230 1148 331 1186 quae
351 1146 455 1172 nunc
476 1146 612 1172 omnes
632 1138 762 1184 egent,
781 1145 870 1170 cum
884 1131 1078 1179 Athenas,
1096 1131 1347 1184 Pergamum,
1366 1132 1556 1184 Cyzicum

231 1206 431 1254 Miletum,
455 1204 612 1252 Chium,
636 1203 811 1251 Samum,
835 1208 963 1241 totam
992 1202 1165 1253 denique
1193 1202 1343 1251 Asiam,
1365 1181 1569 1252 Achaiam:

230 1276 447 1324 Graeciam,
467 1275 640 1315 Siciliam
657 1280 739 1313 tam
755 1275 797 1312 in
816 1274 951 1326 paucis
966 1272 1072 1312 villis
1088 1273 1259 1312 inclusas
1276 1287 1359 1313 esse
1374 1274 1570 1314 videatis?

229 1348 309 1387 Sed
342 1347 448 1395 haec,
484 1352 531 1385 ut
564 1346 662 1392 dico,
697 1345 830 1384 omnia
863 1345 943 1383 iam
977 1344 1070 1383 socii
1104 1345 1228 1383 vestri
1262 1344 1496 1396 relinquunt
1529 1353 1570 1385 et

229 1418 458 1471 neglegunt,
494 1415 654 1455 iudices.
713 1414 777 1454 Ne
817 1415 921 1454 enim
960 1414 1116 1466 publice
1150 1428 1173 1452 a
1205 1414 1353 1466 populo
1387 1415 1568 1455 Romano

229 1489 506 1542 spoliarentur,
532 1487 657 1526 officio
686 1501 730 1525 ac
760 1486 838 1525 fide
866 1486 1153 1538 providerunt:
1183 1499 1401 1537 paucorum
1420 1486 1568 1539 cupidi-

228 1561 303 1600 tati
323 1566 421 1608 tum,
440 1573 530 1598 cum
550 1558 741 1597 obsistere
761 1570 841 1596 non
860 1562 1059 1608 poterant,
1081 1562 1218 1595 tamen
1237 1557 1414 1596 sufficere
1433 1557 1567 1609 aliquo

227 1632 346 1672 modo
365 1635 574 1683 poterant:
602 1643 707 1668 nunc
727 1642 822 1668 vero
842 1628 921 1666 iam
941 1627 1129 1679 adempta
1149 1633 1210 1667 est
1224 1641 1305 1667 non
1319 1627 1438 1667 modo
1457 1629 1568 1668 resis-

228 1703 339 1743 tendi
368 1715 509 1742 verum
529 1702 649 1740 etiam
679 1699 962 1752 suppeditandi
982 1699 1161 1738 facultas.
1221 1699 1362 1750 Itaque
1385 1713 1447 1738 res
1476 1713 1566 1739 suas

228 1775 447 1828 neglegunt
463 1789 473 1823 ,-
502 1773 699 1825 pecunias,
723 1785 801 1823 quo
822 1771 982 1810 nomine
1007 1770 1199 1809 iudicium
1227 1771 1302 1809 hoc
1329 1770 1564 1822 appellatur,

153 1864 208 1892 128
227 1860 308 1885 non
323 1850 523 1897 repetunt,
539 1843 789 1893 relinquunt:
811 1842 885 1880 hoc
903 1842 984 1880 iam
999 1847 1144 1880 ornatu
1158 1840 1210 1879 ad
1224 1854 1296 1880 vos
1311 1841 1560 1894 confugiunt.

227 1916 418 1969 Aspicite,
440 1915 615 1967 aspicite,
637 1913 798 1960 iudices,
821 1912 1045 1964 squalorem
1066 1912 1280 1963 sordesque
1300 1912 1518 1952 sociorum!

156 1999 208 2038 49
283 1987 474 2027 Sthenius
502 1986 566 2024 hic
595 1985 879 2023 Thermitanus
909 1997 998 2022 cum
1027 1983 1100 2022 hoc
1129 1983 1270 2035 capillo
1289 1988 1410 2034 atque
1439 1989 1561 2033 veste,

227 2060 346 2099 domo
378 2072 448 2098 sua
468 2063 555 2097 tota
586 2056 772 2108 expilata,
794 2055 1041 2094 mentionem
1070 2060 1233 2093 tuorum
1252 2054 1453 2094 furtorum
1483 2068 1564 2094 non

227 2131 323 2169 facit
338 2146 347 2179 3
376 2143 460 2168 sese
479 2129 610 2180 ipsum
630 2128 700 2167 abs
720 2134 760 2167 te
780 2127 938 2179 repetit,
961 2126 1061 2165 nihil
1081 2126 1250 2178 amplius
1265 2142 1276 2176 3
1304 2131 1436 2165 totum
1456 2127 1562 2166 enim

227 2208 298 2241 tua
326 2200 492 2240 libidine
516 2205 556 2239 et
580 2199 725 2239 scelere
755 2213 805 2238 ex
834 2212 905 2237 sua
927 2198 1068 2250 patria,
1091 2198 1133 2236 in
1162 2211 1240 2249 qua
1268 2197 1406 2236 multis
1438 2197 1562 2250 virtu-

227 2273 336 2311 tibus
355 2285 399 2311 ac
419 2270 619 2311 beneficiis
638 2270 821 2322 princeps
840 2269 929 2316 fuit,
948 2268 1156 2307 sustulisti.
1215 2268 1331 2308 Dexo
1350 2268 1423 2317 hic,
1441 2281 1560 2320 quem

226 2343 384 2392 videtis,
415 2357 496 2383 non
529 2355 629 2394 quae
662 2341 819 2394 publice
852 2340 1093 2393 Tyndaride,
1125 2354 1205 2379 non
1238 2353 1338 2391 quae
1370 2339 1559 2391 privatim

228 2416 302 2454 sibi
337 2415 528 2467 eripuisti,
565 2413 635 2453 sed
671 2413 833 2451 unicum
870 2412 990 2451 miser
1022 2411 1091 2450 abs
1125 2417 1165 2450 te
1197 2410 1324 2450 filium
1361 2410 1558 2462 opt-imum

227 2493 348 2537 atque
366 2485 735 2524 innocentissimum
764 2483 928 2535 flagitat.
988 2481 1081 2520 Non
1102 2495 1152 2520 ex
1170 2481 1309 2521 litibus
1336 2481 1557 2520 aestimatis
