1700 2729
236 196 257 229 4
539 187 595 221 M.
628 187 668 222 T.
699 185 989 223 CICERONIS
1013 187 1276 222 ACTIONIS
1484 186 1570 232 [4.8

237 290 349 338 tium,
376 291 443 341 qui
474 296 628 329 tantam
657 291 825 329 bestiam
854 291 1134 343 percussisset3
1167 290 1279 329 illum
1308 289 1568 342 respondisse,

235 360 457 410 venabulo,
499 361 636 399 statim
669 361 814 400 deinde
848 361 957 400 iussu
996 362 1190 413 praetoris
1224 361 1264 399 in
1299 374 1453 400 crucem
1487 373 1570 400 esse

235 431 447 472 sublatum.
507 432 664 471 Durum
684 433 757 472 hoc
778 433 945 472 fortasse
965 433 1150 472 videatur
1163 448 1173 482 ,-
1207 446 1335 484 neque
1355 445 1428 486 ego
1447 432 1570 472 ullam

235 504 277 542 in
305 508 461 555 partem
490 502 674 555 disputo:
710 508 869 542 tantum
898 503 1099 556 intellego,
1132 503 1317 542 maluisse
1346 503 1569 542 Domitium

193 581 219 618 4
238 574 438 614 crudelem
481 575 523 612 in
564 574 921 614 animadvertendo
964 589 1082 626 quam
1125 575 1166 613 in
1213 573 1571 627 praetermittendo

200 657 218 686 8
238 645 476 684 dissolutum
496 644 634 684 videri.
693 645 799 698 Ergo
819 645 879 684 his
899 646 1097 685 institutis
1126 646 1352 698 provinciae
1371 646 1450 685 iam
1470 651 1568 694 tum,

238 729 327 754 cum
347 715 451 755 bello
471 716 667 755 sociorum
687 721 774 755 tota
794 716 912 754 Italia
931 716 1101 764 arderet,
1120 717 1238 756 homo
1259 731 1338 757 non
1357 716 1571 756 acerrimus

238 799 308 825 nec
328 786 579 834 fortissimus,
603 786 645 826 C.
669 786 893 834 Norbanus,
916 786 958 825 in
978 800 1133 826 summo
1153 788 1235 826 otio
1255 788 1357 837 fuit,-
1385 786 1572 839 perfacile

238 858 343 897 enirn
364 870 447 897 sese
476 857 610 896 Sicilia
638 857 717 896 iam
746 857 945 906 tuebatur,
967 863 1015 896 ut
1034 871 1083 897 ne
1104 858 1211 910 quod
1241 872 1290 898 ex
1318 859 1403 910 ipsa
1421 857 1572 898 bellum

237 934 372 981 posset
405 929 605 968 exsistere.
665 928 826 968 Etenim
859 942 948 967 cum
982 929 1081 967 nihil
1115 934 1198 968 tam
1231 930 1487 969 coniunctum
1519 929 1573 968 sit

238 1014 358 1051 quam
387 1000 655 1053 negotiatores
679 1000 805 1039 nostri
826 1013 915 1038 cum
944 1000 1086 1039 Siculis
1115 1013 1200 1048 usu,
1223 1014 1275 1048 re,
1298 1000 1463 1048 ratione,
1485 1013 1572 1039 con-

238 1071 382 1119 cordia,
405 1077 446 1111 et
465 1085 554 1110 cum
582 1071 658 1123 ipsi
687 1071 809 1111 Siculi
837 1085 899 1110 res
919 1085 1009 1110 suas
1038 1072 1095 1110 ita
1119 1072 1356 1111 constitutas
1385 1071 1569 1120 habeant,

238 1147 285 1181 ut
305 1143 359 1182 eis
379 1156 516 1194 pacem
536 1142 724 1194 expediat
743 1156 837 1190 esse,
859 1142 1071 1194 imperium
1090 1148 1225 1182 autem
1244 1142 1382 1195 populi
1401 1142 1572 1182 Romani

238 1214 293 1253 sic
321 1213 502 1267 diligant,
530 1219 578 1252 ut
605 1213 647 1252 id
675 1214 857 1252 imminui
886 1220 957 1252 aut
985 1214 1221 1253 commutari
1250 1214 1412 1253 minime
1431 1214 1569 1263 velint,

239 1299 407 1337 cumque
435 1285 531 1324 haec
551 1299 573 1323 a
594 1298 799 1324 servorum
827 1285 931 1324 bello
951 1285 1126 1337 pericula
1146 1291 1186 1324 et
1205 1291 1435 1337 praetorum
1462 1285 1573 1324 insti—

239 1356 337 1395 tutis
372 1362 413 1395 et
444 1356 698 1395 dominorum
731 1355 939 1408 disciplina
976 1356 1134 1408 provisa
1172 1356 1275 1395 sint:
1318 1355 1474 1394 nullum
1512 1362 1573 1396 est

238 1427 387 1466 malum
407 1426 670 1466 domesticum
690 1426 798 1478 quod
818 1440 868 1466 ex
887 1427 973 1479 ipsa
992 1427 1196 1479 provincia
1215 1426 1321 1465 nasci
1341 1427 1476 1479 possit.

201 1519 219 1548 9
292 1497 399 1547 Quid
431 1498 584 1551 igitur?
620 1497 772 1537 nulline
805 1503 937 1537 motus
971 1497 1011 1536 in
1046 1497 1180 1537 Sicilia
1213 1511 1418 1537 servorum
1446 1497 1572 1538 Verre

237 1575 430 1622 praetore,
453 1569 637 1609 nullaene
658 1570 934 1609 consensiones
963 1569 1091 1608 factae
1121 1583 1205 1609 esse
1224 1569 1443 1610 dicuntur?
1473 1570 1572 1609 nihil

236 1655 341 1690 sane,
364 1641 472 1693 quod
491 1641 542 1680 ad
566 1646 749 1680 senatum
777 1640 1049 1693 populumque
1078 1641 1303 1680 Romanum
1331 1641 1569 1693 pervenerit,

237 1712 347 1761 nihil,
366 1712 474 1764 quod
488 1712 564 1751 iste
579 1712 735 1764 publice
751 1712 920 1750 Romam
936 1712 1138 1763 scripserit
1153 1728 1160 1751 :
1182 1718 1223 1751 et
1238 1718 1372 1752 tamen
1387 1718 1572 1765 coeptum

237 1797 321 1823 esse
350 1784 391 1822 in
421 1783 554 1823 Sicilia
573 1783 725 1822 moveri
753 1783 907 1834 aliquot
926 1783 1020 1822 locis
1050 1783 1258 1822 servitium
1278 1783 1464 1836 suspicor.
1524 1783 1572 1823 Id

236 1854 336 1894 adeo
374 1868 454 1893 non
492 1860 575 1893 tam
613 1868 664 1893 ex
700 1867 743 1893 re
777 1868 896 1905 quam
935 1867 985 1893 ex
1022 1854 1137 1893 istius
1176 1854 1291 1893 factis
1323 1854 1572 1907 decretisque

238 1939 439 1978 cognosco.
490 1925 549 1963 Ac
564 1924 710 1973 videte,
729 1938 848 1976 quam
868 1937 948 1963 non
967 1924 1127 1964 inimico
1147 1925 1279 1964 animo
1299 1925 1373 1964 sim
1388 1931 1548 1965 acturus
1564 1942 1571 1966 :

239 2010 312 2050 ego
349 1997 433 2048 ipse
471 1996 576 2044 haec,
618 2008 718 2047 quae
755 1995 822 2034 ille
856 1995 1022 2046 quaerit,
1063 2009 1164 2047 quae
1201 1996 1331 2035 adhuc
1367 2010 1572 2048 nunquam

238 2067 418 2115 audistis,
441 2066 757 2106 commemorabo
778 2071 819 2105 et
837 2066 1045 2117 proferam.

187 2160 223 2181 10
295 2138 343 2176 In
363 2137 596 2185 Triocalino,
620 2150 738 2188 quem
767 2136 898 2175 locum
926 2136 1089 2189 fugitivi
1118 2136 1196 2175 iam
1225 2142 1318 2176 ante
1346 2143 1570 2186 tenuerant,

240 2209 441 2249 Leonidae
465 2208 669 2248 cuiusdam
691 2207 813 2247 Siculi
836 2207 986 2246 familia
1009 2208 1050 2246 in
1070 2208 1333 2260 suspicionem
1353 2214 1414 2248 est
1433 2215 1574 2249 vocata

242 2280 535 2320 coniurationis.
595 2280 674 2319 Res
693 2278 826 2318 delata
854 2278 905 2317 ad
933 2279 1064 2318 istum.
1124 2279 1282 2328 Statim,
1307 2285 1355 2318 ut
1382 2293 1454 2332 par
1481 2280 1570 2329 fuit,

242 2352 352 2391 iussu
373 2351 455 2390 eius
475 2351 665 2399 homines,
689 2350 756 2401 qui
780 2350 940 2388 fuerant
960 2349 1164 2398 nominati,
1187 2351 1459 2402 comprehensi
1479 2357 1574 2390 sunt

242 2423 485 2474 adductique
525 2421 786 2474 Lilybaeum,
827 2420 989 2460 domino
1026 2420 1309 2460 denuntiatum
1347 2427 1417 2470 est,
1457 2436 1574 2461 causa
