1700 2729
160 477 216 506 160

165 1039 216 1079 62

169 1829 222 1858 161

235 223 280 258 66
532 221 588 255 M.
623 221 660 255 T.
691 220 983 256 CICERONIS
1006 219 1272 255 ACTJONJS
1412 218 1567 265 [61.160

235 339 363 378 neque
410 326 643 377 cuiusquam
680 324 731 364 ad
768 324 1072 364 inflammandos
1110 330 1264 364 vestros
1301 325 1454 364 animos
1492 324 1567 365 elo-

235 397 399 450 quentia
418 396 657 447 requiratur.

287 467 439 508 Gavius
468 467 542 515 hic,
573 479 693 518 quem
722 465 820 513 dico,
853 465 1071 513 Consanus,
1103 479 1193 504 cum
1225 465 1267 504 in
1300 465 1368 505 illo
1402 478 1568 505 numero

233 540 380 579 civium
413 539 685 578 Romanorum
717 537 768 575 ab
805 537 883 576 isto
915 537 957 575 in
989 536 1120 575 xdncla
1153 537 1353 576 coniectus
1386 542 1490 577 esset
1528 542 1569 576 et

234 610 364 650 nescio
398 623 476 661 qua
513 609 668 648 ratione
706 607 807 647 clam
846 621 866 646 e
899 607 1104 646 lautumiis
1142 608 1385 661 profugisset
1421 608 1568 648 Messa-

234 694 405 732 namque
438 680 634 720 venisset:
669 679 738 730 qui
767 684 851 717 tam
878 691 1002 730 prope
1035 678 1114 717 iam
1148 678 1307 717 Italiam
1344 684 1386 718 et
1413 679 1569 719 moenia

234 752 491 805 Reginorum,
524 750 671 789 civium
705 749 988 797 Romanorum,
1019 749 1176 789 videret
1204 754 1246 788 et
1278 762 1329 789 ex
1356 749 1424 789 illo
1457 756 1569 789 metu

235 823 374 862 mortis
407 835 452 860 ac
486 820 662 860 tenebris
700 820 813 871 quasi
847 819 933 858 luce
971 819 1169 858 libertatis
1204 824 1245 858 et
1282 819 1402 859 odore
1435 819 1569 872 aliquo

235 894 370 947 legum
389 897 589 932 recreatus
614 891 836 939 revixisset,
858 890 968 942 loqui
996 890 1204 930 Messanae
1225 895 1266 930 et
1285 891 1398 942 queri
1426 891 1567 943 coepit,

237 978 278 1005 se
311 965 439 1004 civem
472 964 698 1003 Romanum
731 963 773 1001 in
806 961 936 1001 vincla
970 962 1203 1010 coniectum,
1239 962 1314 1001 sibi
1352 968 1459 1002 recta
1492 962 1570 1002 iter

236 1049 320 1076 esse
349 1036 528 1083 Romam,
560 1034 677 1074 Verri
707 1046 747 1072 se
776 1038 935 1085 praesto
964 1032 1194 1072 advenienti
1224 1033 1417 1072 futurum.
1475 1032 1570 1072 Non

234 1107 494 1160 intellegebat
527 1106 646 1145 miser
684 1104 784 1143 nihil
816 1105 1019 1152 interesse,
1054 1110 1192 1143 utrum
1230 1104 1325 1144 haec
1362 1104 1570 1144 Messanae

235 1193 287 1218 an
319 1178 426 1231 apud
459 1178 583 1216 istum
616 1177 658 1215 in
691 1176 892 1228 praetorio
925 1175 1166 1227 loqueretur.
1226 1175 1343 1224 Nam,
1374 1181 1422 1215 ut
1453 1181 1572 1216 antea

236 1263 307 1290 vos
339 1248 467 1296 docui,
499 1247 600 1286 hanc
629 1247 704 1286 sibi
732 1247 807 1285 iste
841 1246 981 1285 urbem
1009 1245 1222 1298 delegerat,
1254 1259 1375 1298 quam
1407 1245 1573 1286 haberet

237 1321 474 1360 adiutricem
521 1318 724 1366 scelerum,
765 1318 965 1357 furtorum
1012 1318 1279 1370 receptricem,
1328 1318 1572 1371 flagitiorum

238 1393 417 1433 omnium
451 1391 655 1430 consciam.
715 1390 857 1441 Itaque
891 1389 941 1428 ad
975 1390 1256 1442 magistratum
1283 1389 1572 1429 Mamertinum

239 1464 377 1504 statim
405 1462 618 1502 deducitur
646 1461 797 1501 Gavius
811 1477 822 1510 3
851 1474 976 1512 eoque
1009 1461 1095 1513 ipso
1123 1460 1188 1500 die
1222 1474 1314 1500 casu
1346 1461 1574 1502 Messanam

239 1536 385 1575 Verres
399 1534 521 1574 venit.
581 1533 660 1572 Res
674 1532 726 1571 ad
747 1546 838 1572 eum
857 1532 1061 1571 defertur:
1093 1545 1176 1571 esse
1192 1532 1319 1572 civem
1334 1532 1571 1582 Romanum,

240 1607 310 1658 qui
338 1619 379 1645 se
400 1604 607 1657 Syracusis
635 1604 678 1642 in
696 1603 901 1642 lautumiis
928 1603 1049 1642 fuisse
1070 1609 1305 1654 quereretur
1318 1618 1329 1652 3
1357 1616 1476 1654 quem
1494 1603 1575 1643 iam

240 1676 533 1730 ingredientem
570 1675 612 1713 in
659 1687 803 1713 navem
841 1679 882 1713 et
918 1673 1036 1713 Verri
1074 1673 1191 1712 nimis
1238 1674 1427 1714 atrociter
1463 1675 1575 1714 mini-

242 1753 397 1788 tantem
433 1747 484 1786 ab
518 1759 558 1785 se
591 1751 811 1785 retractum
844 1757 927 1784 esse
962 1750 1002 1784 et
1034 1744 1301 1793 adservatum,
1337 1751 1385 1784 ut
1417 1745 1500 1798 ipse
1532 1745 1593 1784 in>

243 1832 335 1858 eum
364 1822 560 1857 statueret
579 1815 686 1867 quod
715 1815 930 1854 videretur.
990 1815 1091 1867 Agit
1119 1814 1346 1854 hominibus
1365 1815 1515 1868 gratias
1535 1821 1576 1855 et

244 1903 381 1929 eorum
417 1886 737 1927 benevolentiam
775 1899 868 1939 erga
909 1899 950 1925 se
988 1885 1318 1938 diligentiamque
1364 1886 1574 1927 collaudat.

245 1960 336 2012 Ipse
386 1959 656 1998 inflammatus
702 1957 846 1996 scelere
899 1962 940 1995 et
986 1956 1119 1995 furore
1170 1957 1213 1995 in
1258 1957 1390 1996 forum
1441 1958 1575 1998 venit:

244 2031 440 2071 ardebant
477 2029 579 2069 oculi
594 2044 604 2078 3
646 2034 732 2068 toto
772 2042 823 2067 ex
859 2041 926 2067 ore
964 2026 1177 2066 crudelitas
1216 2028 1424 2068 eminebat.
1501 2028 1577 2068 Ex-

245 2103 480 2156 spectabant
507 2115 654 2150 omnes,
681 2114 760 2153 quo
788 2100 952 2140 tandem
980 2113 1260 2153 progressurus
1287 2106 1359 2140 aut
1386 2101 1578 2153 quidnam

246 2181 406 2214 acturus
437 2178 550 2221 esset,
573 2186 663 2211 eum
682 2177 846 2223 repente
875 2171 1076 2210 hominem
1096 2171 1247 2223 proripi
1275 2178 1395 2224 atque
1421 2173 1463 2211 in
1491 2173 1578 2212 foro

247 2245 378 2286 medio
393 2243 537 2283 nudari
555 2257 599 2282 ac
615 2242 782 2295 deligari
802 2248 842 2281 et
857 2242 989 2295 virgas
1006 2241 1185 2294 expediri
1199 2242 1320 2282 iubet.
1371 2242 1580 2283 Clamabat

246 2317 313 2356 ille
333 2316 452 2355 miser
471 2328 511 2354 se
541 2315 668 2353 civem
687 2326 771 2353 esse
799 2313 1036 2361 Romanum,
1058 2313 1298 2365 municipem
1327 2313 1580 2364 Consanum;

249 2387 437 2427 meruisse
471 2399 560 2424 cum
594 2384 636 2423 L.
674 2384 829 2432 Raecio,
866 2383 1186 2436 splendidissimo
1219 2384 1353 2435 equite
1386 2384 1577 2434 Romano,

250 2459 318 2511 qui
356 2457 570 2496 Panhormi
619 2455 902 2509 negotiaretur,
943 2469 993 2494 ex
1031 2468 1110 2507 quo
1156 2455 1252 2495 haec
1290 2455 1434 2496 Verres
1481 2457 1580 2497 scire
