1700 2729
236 244 279 280 50
533 237 589 271 lis.
622 237 661 270 T.
691 235 982 271 CICERONIS
1004 235 1270 270 ACTJONJS
1406 233 1562 280 [46.122

232 353 360 392 neque
380 340 453 379 tibi
473 340 620 379 desunt
635 355 645 389 3
674 347 808 379 tamen
828 353 878 379 ex
897 339 965 379 illo
984 340 1069 391 ipso
1089 353 1254 378 numero
1274 338 1562 378 nauarchorum

230 411 353 463 aliqui
373 412 527 459 vivunt,
549 411 707 459 adsunt,
730 424 840 462 qnos,
862 418 909 449 ut
928 411 1026 449 mihi
1054 410 1225 458 videtur,
1248 410 1298 449 ad
1327 409 1487 449 illorum
1505 409 1562 448 in-

230 483 460 522 nocentium
490 496 638 534 poenas
666 482 829 521 fortuna
858 489 899 521 et
926 482 977 521 ad
1006 482 1106 520 hanc
1140 495 1297 520 causam
1329 481 1559 521 reservavit.

156 565 213 585 ³22
230 554 359 594 Adest
378 553 626 606 Phylarchus
647 552 905 600 Haluntinus,
924 553 991 604 qui
1012 553 1104 604 quia
1124 566 1213 591 cum
1242 552 1454 592 Cleomene
1482 565 1562 591 non

229 626 344 678 fugit,
368 638 577 677 oppressus
606 638 628 663 a
657 624 924 676 praedonibus
945 631 985 663 et
1005 631 1143 676 captus
1164 630 1246 663 est:
1277 625 1340 662 cui
1360 623 1562 663 calamitas

228 695 347 735 saluti
362 695 441 734 fuit
455 711 464 744 3
494 695 562 746 qui
578 694 653 733 nisi
669 700 807 746 captus
822 708 845 732 a
859 694 998 746 piratis
1015 700 1128 742 esset,
1146 694 1188 732 in
1202 693 1307 733 hunc
1321 693 1563 746 praedonem

228 767 423 806 sociorum
460 765 673 804 incidisset.
733 765 843 803 Dicit
879 765 912 803 is
940 778 1013 817 pro
1041 765 1271 804 testimonio
1299 764 1349 804 de
1377 765 1564 804 missione

228 844 452 885 nautarum,
470 836 519 875 de
535 837 650 884 fame,
669 836 719 875 de
735 835 960 876 Cleomenis
976 836 1081 889 fuga.
1131 836 1261 875 Adest
1277 835 1562 887 Centuripinus

228 907 453 955 Phalacrus,
484 907 525 945 in
563 906 806 958 amplissima
845 906 1007 946 civit-ate
1036 906 1279 958 amplissimo
1306 906 1392 945 loco
1421 911 1562 945 natus:

228 979 367 1019 eadem
386 979 494 1026 dicit,
518 978 626 1017 nulla
647 978 689 1016 in
709 991 751 1017 re
771 977 980 1029 discrepat.

155 1063 210 1091 123
281 1051 359 1090 Per
377 1050 472 1090 deos
493 1049 757 1088 immortales!
774 1062 852 1100 quo
873 1049 1037 1088 tandem
1057 1049 1190 1088 animo
1210 1049 1368 1098 sedetis,
1390 1048 1564 1088 iudices?

227 1130 298 1162 aut
317 1123 413 1161 haec
434 1135 553 1173 quem
572 1121 624 1159 ad
643 1120 808 1160 modum
828 1120 976 1159 auditis
994 1123 1007 1160 ’.ἰ
1062 1120 1213 1160 Utrum
1242 1134 1316 1174 ego
1344 1120 1497 1172 desipio
1523 1126 1565 1160 et

227 1194 317 1246 plus
355 1207 474 1245 quam
513 1192 609 1231 satis
647 1199 708 1231 est
754 1191 869 1231 doleo
907 1198 1022 1230 tanta
1065 1192 1289 1231 calamitate
1327 1192 1564 1243 miseriaque

229 1265 435 1312 sociorum,
475 1277 527 1302 an
574 1277 643 1302 vos
683 1276 840 1314 qnoque
879 1263 941 1301 hic
980 1263 1254 1302 acerbissimus
1291 1262 1564 1302 innocentium

229 1336 425 1376 cruciatus
445 1342 485 1374 et
505 1348 661 1374 maeror
686 1335 771 1386 pari
802 1348 920 1373 sensu
948 1333 1095 1373 doloris
1124 1334 1288 1374 adficit?
1342 1334 1429 1387 Ego
1458 1334 1564 1373 enim

229 1421 318 1446 cnm
338 1407 632 1454 Herbitensem,
656 1420 745 1445 cum
766 1406 1063 1445 Heracliensem
1084 1405 1211 1444 securi
1230 1418 1460 1457 percussum
1480 1418 1564 1444 esse

228 1478 327 1526 dico,
367 1484 551 1517 versatur
588 1477 685 1515 mihi
723 1482 817 1515 ante
855 1476 989 1515 oculos
1034 1476 1254 1529 indignitas
1302 1475 1563 1515 calamitatis:

159 1551 210 1589 47
229 1562 366 1588 eorum
385 1547 624 1600 populorum
645 1547 760 1595 cives,
780 1559 917 1585 eorum
933 1560 1120 1599 agrorum
1140 1545 1332 1594 alumnos,
1351 1559 1401 1585 ex
1420 1545 1564 1597 quibus

229 1619 404 1658 maxima
440 1619 500 1658 vis
538 1618 731 1657 frumenti
769 1618 983 1669 quotannis
1020 1617 1128 1669 plebi
1166 1617 1368 1656 Romanae
1404 1616 1565 1656 illorum

230 1691 359 1743 operis
382 1704 426 1729 ac
454 1690 656 1729 laboribus
686 1689 901 1740 quaeritur,
933 1689 1001 1740 qni
1030 1702 1053 1727 a
1081 1689 1313 1741 parentibus
1341 1701 1410 1740 spe
1438 1688 1565 1727 nostri

230 1762 386 1814 imperii
409 1767 647 1811 nostraeque
676 1760 890 1811 aequitatis
920 1761 1093 1811 suscepti
1122 1759 1358 1810 educatique
1387 1765 1492 1807 sunt,
1513 1758 1565 1798 ad

231 1832 277 1872 G.
301 1832 438 1871 Verris
466 1831 659 1870 nefariam
687 1831 979 1869 immanitatem
999 1837 1039 1869 et
1057 1830 1109 1869 ad
1129 1830 1213 1869 eius
1232 1829 1433 1869 funestam
1460 1842 1566 1869 secu-

157 1918 213 1946 124
231 1917 315 1943 rem
353 1917 436 1943 esse
474 1905 680 1942 servatos?
736 1902 838 1942 Cum
876 1902 974 1940 mihi
1012 1902 1278 1954 Tyndaritani
1310 1901 1416 1940 illius
1453 1901 1567 1941 venit

231 1976 273 2014 in
301 1981 488 2022 mentem,
511 1987 601 2012 cum
621 1973 840 2026 Segestani,
863 1979 951 2011 tum
970 1973 1058 2011 iura
1077 1972 1195 2011 simul
1216 1972 1425 2011 civitatum
1443 1977 1566 2023 atque

232 2046 357 2086 officia
377 2045 591 2084 considero.
651 2044 757 2093 Quas
776 2045 894 2085 urbes
914 2046 956 2085 P.
979 2046 1193 2085 Africanus
1219 2045 1340 2084 etiam
1368 2044 1566 2084 ornandas

233 2131 316 2157 esse
336 2116 471 2169 spoliis
490 2116 666 2155 hostium
686 2116 904 2156 arbitratus
924 2123 994 2165 est,
1018 2131 1082 2156 eas
1102 2116 1149 2156 G.
1169 2115 1314 2155 Verres
1334 2129 1415 2155 non
1437 2115 1566 2155 solum

231 2188 309 2227 illis
330 2187 572 2226 ornament-is
592 2187 661 2226 sed
685 2187 806 2226 etiam
834 2188 930 2227 viris
959 2188 1213 2227 nobilissimis
1242 2187 1393 2226 nefario
1421 2186 1566 2227 scelere

232 2259 416 2311 privavit.
475 2257 537 2297 En
557 2258 664 2309 quod
693 2258 959 2310 Tyndaritani
988 2259 1160 2298 libenter
1187 2257 1440 2310 praedicent:
1473 2262 1566 2296 ‘nos

232 2331 274 2368 in
308 2329 590 2381 septemdecim
620 2329 776 2381 populis
810 2329 966 2369 Siciliae
995 2343 1275 2378 numeramur3
1307 2342 1379 2368 nos
1412 2341 1568 2381 semper

234 2401 417 2440 omnibns
437 2400 597 2439 Punicis
617 2399 965 2452 Siciliensibusque
984 2401 1097 2440 bellis
1125 2400 1341 2439 amicitiam
1369 2399 1567 2450 fidemque

234 2471 370 2524 populi
390 2471 559 2510 Romani
580 2471 703 2511 secuti
725 2484 860 2510 sumus
875 2487 885 2521 3
905 2485 927 2511 a
948 2472 1061 2512 nobis
1077 2471 1209 2512 omnia
1223 2470 1371 2523 populo
1386 2470 1566 2510 Romano
