1674 2729
136 213 292 262 59.155]
318 215 385 250 IN
407 215 597 250 GAJUM
625 214 856 249 JJ'ERREM
877 216 1181 251 SECUNDAE
1207 219 1305 252 lJR.
1335 219 1370 253 1'.
1420 220 1465 262 63

139 319 205 359 Ad
242 319 314 360 Cn.
354 319 600 371 Pompeium,
640 318 899 358 clarissimum
943 320 1073 359 virum
1115 328 1155 359 et
1193 321 1463 363 fortissimum.
1487 344 1542 372 ¹53

138 389 338 443 permulti,
360 390 486 430 occiso
515 389 726 442 Perperna,
749 404 798 429 ex
825 389 892 429 illo
921 391 1151 430 Sertoriano
1179 405 1344 432 numero
1370 393 1467 431 mili-

139 467 228 501 tum
246 460 535 514 confugerunt:
556 473 675 512 quem
696 474 774 500 non
795 460 861 500 illc
881 475 1036 500 summo
1056 476 1144 501 eum
1165 463 1299 502 studio
1314 463 1465 503 salvum

138 530 456 582 incolumemque
485 531 688 570 servavit?
718 532 779 570 cui
809 532 884 570 civi
914 532 1081 584 supplici
1111 547 1189 572 non
1216 533 1284 572 illa
1302 533 1468 574 dextera

138 602 288 642 invicta
324 601 445 642 fidem
483 602 663 654 porrexit
700 608 741 641 et
778 616 888 654 spem
927 603 1066 642 salutis
1107 603 1314 644 ostendit?
1361 605 1468 644 itane

138 675 264 713 vero'l
301 673 445 725 quibus
478 672 558 712 fuit
590 679 729 725 portus
763 673 869 725 apud
905 687 1006 721 eum,
1039 688 1157 725 quem
1192 682 1329 714 contra
1359 689 1468 714 arma

140 744 328 793 tulerant,
351 744 406 784 eis
435 744 542 796 apud
572 750 622 792 te,
649 744 759 783 cuius
789 744 943 783 nullum
972 745 1012 783 in
1042 758 1083 784 re
1113 745 1269 797 publica
1298 759 1468 785 momen-

140 821 229 855 tum
265 828 442 866 unquam
480 815 568 863 fuit,
609 828 714 854 mors
753 821 794 854 et
831 816 1027 855 cruciatus
1069 823 1155 855 erat
1195 817 1469 857 constitutus?

140 886 244 926 Vide
281 899 401 939 quam
439 886 685 926 commodam
724 886 995 926 defensionem
1035 888 1294 940 excogitaris!
1360 888 1468 927 Malo
1488 892 1539 932 59

140 956 364 997 mehercule
396 956 449 1005 id,
480 957 587 1008 quod
622 964 667 996 tu
699 956 893 1004 defendis,
925 957 986 996 his
1019 958 1215 997 iudicibus
1243 959 1469 1011 populoque

140 1028 322 1068 Romano
350 1041 470 1079 quam
498 1027 550 1075 id,
582 1028 689 1079 quod
719 1041 792 1081 ego
821 1028 1017 1076 insimulo,
1049 1029 1207 1080 probari
1222 1045 1231 1078 3
1269 1029 1384 1078 malo,
1416 1031 1470 1068 in-

140 1112 272 1151 quam,
294 1105 335 1138 te
354 1099 420 1138 isti
449 1099 585 1152 generi
614 1099 820 1138 hominum
849 1113 968 1150 quam
998 1100 1282 1139 mercatoribus
1306 1106 1346 1140 et
1366 1102 1469 1139 navi-

141 1169 299 1210 culariis
336 1169 541 1208 inimicum
577 1176 698 1221 atque
737 1170 928 1209 infestum
966 1171 1108 1221 putari.
1186 1171 1324 1210 Meum
1365 1172 1469 1211 enim

140 1240 289 1280 crimen
317 1240 508 1280 avaritiae
542 1247 582 1280 te
615 1240 760 1280 nimiae
793 1241 982 1294 coarguit,
1014 1248 1083 1280 tua
1115 1241 1294 1280 defensio
1326 1242 1471 1281 furoris

141 1311 346 1352 cuiusdam
367 1318 408 1351 et
426 1311 687 1350 immanitatis
714 1317 754 1350 et
780 1311 984 1351 inauditae
1011 1312 1257 1351 crudelitatis
1284 1318 1325 1352 ct
1346 1326 1470 1364 paene

141 1395 268 1423 novae
295 1382 604 1434 proscriptionis.
664 1382 743 1422 Sed
774 1395 851 1421 non
881 1382 974 1422 licet
1001 1396 1063 1422 me
1097 1383 1174 1422 isto
1208 1389 1321 1422 tanto
1354 1384 1547 1433 bono,154

141 1453 302 1501 iudices,
332 1453 417 1501 uti,
455 1466 534 1491 non
564 1452 664 1492 licet.
736 1452 898 1492 Adsunt
931 1454 1036 1492 enim
1070 1453 1226 1493 Puteoli
1262 1455 1359 1494 toti:
1399 1455 1471 1494 frc—

142 1524 392 1576 quentissimi
412 1531 609 1563 venerunt
628 1523 679 1562 ad
709 1524 781 1563 hoc
810 1523 1000 1563 iudicium
1021 1531 1269 1573 mercatores,
1292 1525 1470 1565 homines

142 1594 359 1647 locupletes
392 1601 513 1646 atque
547 1594 714 1642 honesti,
751 1595 819 1645 qui
854 1595 999 1646 partim
1033 1595 1158 1633 socios
1191 1608 1293 1643 suos,
1325 1596 1470 1647 partim

142 1665 317 1714 libertos,
353 1666 499 1717 partim
533 1664 758 1704 collibertos
791 1665 989 1716 spoliatos,
1026 1665 1066 1703 in
1100 1665 1230 1704 vincla
1262 1666 1468 1714 coniectos,

143 1736 290 1789 partim
327 1736 369 1775 in
408 1735 547 1775 vinclis
586 1743 755 1784 necatos,
796 1736 942 1788 partim
980 1736 1105 1775 securi
1147 1749 1350 1788 percussos
1389 1750 1471 1776 csse

143 1807 293 1847 dicunt.
352 1806 429 1846 Hic
458 1806 550 1846 vide
579 1820 698 1858 quam
727 1819 790 1846 me
819 1807 870 1846 sis
900 1819 1044 1845 usurus
1071 1820 1208 1858 aequo.
1268 1807 1369 1847 Cum
1399 1821 1472 1860 ego

145 1878 187 1917 P.
223 1877 418 1918 Granium
451 1883 596 1917 testem
629 1877 866 1928 produxero,
903 1877 971 1928 qui
1009 1890 1100 1916 suos
1133 1876 1296 1917 libertos
1329 1878 1399 1917 abs
1433 1884 1472 1918 te

144 1949 270 1989 securi
290 1961 495 2000 percussos
515 1960 598 1987 esse
617 1947 735 1995 dicat,
757 1947 825 1998 qui
854 1947 924 1986 abs
954 1953 994 1986 te
1020 1960 1162 1987 navem
1181 1961 1293 1987 suam
1313 1961 1474 1988 merces-

144 2032 223 2072 que
250 2024 418 2071 repetat,
449 2017 631 2066 refellito‚
663 2019 694 2056 si
729 2017 899 2069 poteris:
939 2031 1071 2057 meum
1105 2023 1249 2057 testem
1281 2018 1470 2066 deseram,

144 2090 220 2130 tibi
253 2089 395 2129 favebo
409 2104 419 2138 3
457 2095 508 2137 te,
540 2089 713 2139 inquam,
749 2087 957 2127 adiuvabo.
1017 2087 1230 2127 Ostendito
1263 2087 1351 2127 illos
1385 2102 1473 2128 cum

146 2161 324 2201 Sertorio
342 2160 475 2208 fuisse,
497 2159 548 2198 ab
576 2159 721 2198 Dianio
750 2159 949 2211 fugientes
977 2158 1028 2197 ad
1057 2158 1231 2198 Siciliam
1260 2172 1343 2198 esse
1371 2159 1474 2199 dela-

126 2238 234 2272 -tos:
278 2230 378 2270 nihil
415 2237 486 2278 est,
522 2229 630 2281 quod
668 2236 707 2269 te
746 2229 904 2268 mallem
942 2229 1108 2280 probare
1125 2244 1135 2278 3
1178 2229 1331 2268 nullum
1370 2230 1474 2269 enim

147 2303 310 2350 facinus,
333 2301 441 2353 quod
468 2301 616 2340 maiore
645 2300 837 2352 supplicio
865 2299 1032 2352 dignum
1061 2300 1124 2347 sit,
1155 2300 1317 2351 reperiri
1348 2314 1475 2352 neque

147 2372 315 2424 proferri
361 2377 504 2423 potest.
581 2370 783 2410 Reducam
830 2370 977 2409 iterum
1015 2369 1190 2420 equitem
1238 2370 1472 2419 Romanum,
1496 2392 1551 2423 155

148 2444 190 2484 L.
222 2443 416 2490 Flavium,
448 2442 479 2480 si
510 2441 628 2490 voles,
659 2441 846 2493 quoniam
880 2441 1009 2492 priore
1042 2441 1207 2488 actione,
1239 2448 1285 2480 ut
1318 2443 1473 2493 patroni
