1674 2729
132 232 187 269 28.
203 229 263 277 71]
312 231 380 267 ΙΝ
402 231 591 267 GAJUM
623 231 851 266 VERREM
877 231 1136 268 SECUNDA
1146 235 1181 268 Ιῑ
1208 235 1305 270 am.
1335 237 1369 271 ι’.
1423 247 1466 282 29

130 335 319 390 depresso
356 340 398 376 et
435 336 653 375 multorum
682 337 811 388 operis
850 337 1008 389 penitus
1048 338 1202 387 exciso,
1251 340 1347 379 nihil
1384 348 1464 380 tam

132 407 310 447 clausum
329 406 380 447 ad
401 407 567 455 exitum,
591 407 689 446 nihil
720 413 802 446 tam
823 414 1004 459 saeptum
1034 408 1222 461 undiquc,
1256 410 1352 449 nihil
1384 419 1464 450 tam

131 483 267 518 tutum
285 478 337 518 ad
357 478 579 518 custodiam
604 491 674 517 nec
704 479 788 517 fieri
820 492 890 518 nec
919 479 1084 531 cogitari
1115 487 1257 532 potest.
1318 481 1364 520 In
1395 483 1464 521 has

130 549 356 599 lautumias,
378 550 410 589 si
431 550 498 602 qui
526 550 682 602 publice
707 549 956 589 custodiendi
980 558 1085 599 sunt,
1108 553 1228 591 ctiam
1250 566 1298 592 ex
1325 555 1465 593 ceteris

130 621 288 674 oppidis
315 620 472 661 Siciliae
493 620 637 660 deduci
666 621 923 673 imperantur.
984 621 1040 660 Eo
1070 623 1176 673 qnod
1207 623 1353 663 multos
1380 639 1464 677 cap·
1483 630 1522 666 69

130 692 236 732 tivos
251 691 452 732 Romanos
472 692 703 740 coniecerat,
722 691 829 744 quod
850 692 989 732 codem
1009 700 1159 733 ceteros
1180 695 1328 746 piratas
1348 696 1463 735 condi

130 762 357 815 imperarat,
390 762 602 810 intellexit,
634 763 666 801 si
698 762 802 801 hunc
831 763 1080 802 subditivum
1114 764 1394 817 archipiratam
1424 767 1464 805 in

130 833 299 874 eandem
328 833 549 873 custodiam
579 833 765 881 dedisset,
789 834 883 882 fore,
910 841 956 873 ut
979 848 1001 873 a
1024 834 1160 874 multis
1190 836 1230 874 in
1260 836 1464 877 lautumiis

130 918 249 945 verus
268 904 335 944 ille
355 904 440 944 dux
460 911 728 957 quaereretur.
789 905 929 956 Itaque
959 905 1159 945 hominem
1180 907 1270 946 huic
1290 909 1463 960 optimae

130 976 434 1028 tutissimaeque
465 975 667 1015 custodiae
703 989 780 1015 non
815 976 938 1016 audet
976 978 1224 1017 committere
1239 994 1249 1027 3
1291 979 1462 1031 denique

129 1047 346 1101 Syracusas
375 1053 480 1087 totas
514 1047 653 1087 timet:
692 1047 882 1086 amandat
913 1048 1278 1101 hominem—quw
1337 1051 1463 1104 ‘Lily-

129 1118 274 1159 baeum
301 1118 521 1159 fortassei’
577 1118 731 1158 Video:
762 1125 894 1158 tamen
925 1119 1104 1159 homines
1134 1121 1354 1161 maritimos
1383 1136 1462 1162 non

129 1191 247 1244 plane
266 1190 511 1231 reformidat.
573 1190 752 1238 Minime,
775 1190 934 1230 iudices.
995 1192 1280 1232 ‘Panhormum
1300 1194 1463 1247 igitur‘l'

129 1261 264 1301 Audio
273 1277 284 1311 ς
309 1275 550 1313 quamquam
566 1261 784 1314 Syracusis,
800 1262 987 1313 quoniam
1004 1262 1044 1300 in
1060 1262 1308 1315 Syracusano
1325 1271 1462 1316 captus

129 1338 226 1380 erat,
248 1332 432 1380 maxime,
454 1332 487 1371 si
507 1332 638 1371 minus
666 1331 860 1384 supplicio
880 1332 1007 1380 adfici,
1029 1339 1072 1371 at
1092 1333 1283 1372 custodiri
1310 1342 1462 1387 oporte-

128 1403 208 1443 bat.
267 1402 331 1443 Ne
346 1402 618 1442 Panhormum
638 1402 810 1454 quidem.
870 1402 958 1452 Quo
977 1404 1124 1456 igitur'l
1181 1404 1268 1453 Quo
1287 1406 1462 1457 putatis?
1480 1425 1518 1452 70

129 1473 196 1523 Ad
221 1473 401 1514 homines
420 1487 443 1512 a
462 1474 682 1526 piratarum
706 1480 817 1513 metu
837 1480 878 1513 et
897 1474 1118 1526 suspicione
1146 1474 1416 1525 alienissimos,
1438 1490 1462 1516 a

129 1544 356 1598 navigando
367 1544 563 1596 rebusque
576 1544 786 1583 maritimis
798 1545 1093 1593 remotissimos,
1102 1545 1153 1584 ad
1166 1545 1458 1599 CenturipinOS,

129 1615 309 1656 homines
355 1615 527 1655 maxime
575 1615 896 1664 mediterraneos,
946 1629 1120 1656 summos
1164 1623 1351 1666 aratores,
1391 1620 1460 1670 qui

129 1699 274 1726 nomen
302 1699 509 1738 nunquam
537 1686 766 1726 timuissent
794 1687 983 1726 maritimi
1013 1687 1234 1739 praedonis,
1266 1702 1390 1728 unum
1419 1695 1459 1729 te

128 1762 311 1809 praetore
339 1757 589 1797 horruissent
624 1756 860 1809 Apronium,
893 1764 1123 1798 terrestrem
1156 1759 1435 1811 archipiratam
1450 1776 1460 1809 ;

128 1833 171 1868 et
188 1833 236 1868 ut
255 1828 386 1880 quivis
405 1827 520 1868 facile
548 1828 791 1880 perspiceret
809 1827 852 1867 id
870 1828 920 1867 ab
943 1828 1020 1867 isto
1049 1834 1182 1868 actum
1211 1842 1306 1877 esse,
1327 1836 1374 1869 ut
1393 1830 1459 1870 ille

128 1900 358 1952 suppositus
390 1899 505 1939 facile
539 1905 581 1939 et
612 1898 784 1939 libenter
811 1913 852 1939 se
885 1899 1009 1947 illum,
1041 1900 1110 1951 qui
1143 1913 1222 1939 non
1251 1906 1346 1949 erat,
1375 1914 1459 1941 esse

128 1969 344 2018 simularet,
366 1970 538 2023 imperat
565 1969 849 2022 CenturipiniS‚
875 1970 936 2009 uti
965 1971 1074 2009 victu
1103 1971 1322 2023 ceterisque
1342 1972 1458 2011 rebus

128 2055 249 2094 quam
267 2041 541 2081 liberalissime
561 2041 956 2092 commodissimeque
975 2041 1242 2081 adhiberetur.

182 2111 342 2152 Interea
370 2112 620 2165 Syracusani,
652 2111 831 2151 homines
860 2112 978 2164 periti
1007 2118 1048 2151 et
1077 2112 1249 2160 humani,
1281 2113 1349 2164 qui
1379 2127 1457 2152 11011
1477 2121 1528 2161 28

128 2181 247 2222 modo
267 2196 323 2231 ea,
341 2195 441 2234 quae
456 2183 664 2235 perspicua
684 2188 825 2230 essent,
844 2181 990 2230 videre,
1005 2195 1144 2221 verum
1165 2183 1285 2222 etiam
1305 2183 1458 2222 occulta
1476 2204 1510 2232 7¹

128 2252 318 2305 suspicari
364 2258 537 2304 possent,
592 2252 794 2292 habebant
839 2252 1034 2292 rationem
1089 2252 1266 2292 omnium
1312 2253 1456 2293 cotidie

127 2322 358 2375 piratarum,
387 2323 456 2374 qui
485 2324 611 2363 securi
641 2323 877 2363 ferirentur:
907 2336 1026 2374 quam
1057 2322 1203 2362 multos
1234 2336 1316 2362 esse
1347 2336 1457 2375 opor-

128 2398 243 2442 teret,
275 2407 325 2433 ex
350 2393 436 2446 ipso
456 2394 627 2448 navigio,
661 2393 768 2446 quod
802 2400 889 2434 erat
917 2400 1087 2446 captum,
1110 2399 1151 2432 et
1179 2407 1229 2432 ex
1257 2407 1456 2433 remorum

128 2476 294 2505 numero
314 2463 569 2505 coniciebant.
631 2463 711 2504 Iste
731 2463 839 2515 quod
865 2477 1011 2512 omnes,
1035 2464 1101 2515 qui
1126 2464 1281 2502 artificii
1304 2463 1455 2515 aliquid
