1674 2729
98 221 228 269 10.26]
269 223 336 258 IN
359 223 546 258 GAJUM
578 223 804 257 VERREM
830 224 1133 259 .s‘l{CclNl>Alf
1161 226 1257 259 Alli.
1286 226 1319 259 1'.
1387 236 1418 259 ιι

96 340 214 368 causa
231 334 395 380 repente
416 340 436 366 e
457 340 609 366 carcere
630 327 827 375 emissum,
857 335 926 366 aut
957 328 1027 366 hoc
1059 328 1272 381 praedandi
1302 343 1426 381 genus

95 398 147 438 ab
174 398 252 438 isto
279 398 320 437 in
349 397 418 437 illo
446 411 526 437 nno
559 397 784 437 adhibitum
819 413 862 437 ac
898 405 1149 450 temptatum,
1182 407 1222 438 ct
1252 414 1328 438 non
1359 414 1428 451 pci-

95 468 209 509 illum
246 468 430 508 omnibus
468 468 688 520 pecuniosis
727 469 868 508 Siculis
907 476 1058 508 metum
1098 470 1342 521 propositum
1388 478 1428 509 ct

94 538 296 580 iniectum.

150 608 279 662 Cupio
298 609 395 648 mihi
415 610 465 648 ab
486 610 581 661 ipse,
612 609 771 657 iudices,
803 610 938 657 subici,
971 610 1157 661 quoniam
1187 610 1237 649 de
1266 611 1427 650 militari

96 679 181 720 eius
208 679 336 734 gloria
364 680 463 728 dico,
496 681 528 719 si
555 680 652 731 quid
682 681 784 719 forte
806 689 1010 732 praetereo
1025 697 1034 729 3
1065 695 1153 720 nam
1175 682 1271 720 mihi
1294 682 1429 721 videor

96 751 176 790 iam
194 751 245 791 de
274 752 457 791 omnibus
479 752 594 791 rebus
615 752 698 791 cius
721 751 844 804 gestis
873 751 1031 799 dixisse,
1063 766 1163 803 quae
1192 752 1351 804 quidem
1378 753 1427 791 ad

96 821 191 862 belli
210 822 474 876 fugitivorum
496 823 758 874 suspicionem
780 823 1049 874 pertinerent;
1070 830 1175 862 certe
1192 823 1287 862 nihil
1304 824 1429 862 sciens

96 893 356 945 praetermisi.
417 893 586 933 Habetis
608 894 779 933 hominis
800 893 970 941 consilia,
989 894 1249 946 diligentiam,
1268 894 1430 947 vigilan-

97 964 206 1012 tiam,
229 964 449 1004 custodiam
479 964 830 1015 defensionemque
861 964 1096 1016 provinciae.
1155 965 1318 1004 Summa
1338 965 1430 1004 illuc

96 1034 283 1086 pertinet,
319 1041 366 1074 ut
403 1035 546 1082 sciatis,
583 1034 770 1086 quonia-m
809 1034 922 1086 plura
959 1048 1104 1087 genera
1142 1042 1236 1074 sunt
1269 1036 1431 1087 impera-

98 1111 242 1153 torum,
276 1119 326 1146 ex
359 1119 438 1157 quo
471 1119 616 1158 genere
651 1106 726 1145 iste
760 1105 822 1153 sit,
859 1119 907 1144 nc
946 1106 1012 1157 qui
1051 1105 1203 1145 diutius
1241 1107 1280 1144 in
1320 1113 1431 1145 tanta

97 1177 263 1228 penmia
309 1177 486 1216 virorum
535 1177 699 1216 fortium
748 1177 868 1216 talem
922 1177 1201 1228 imperatorem
1251 1178 1431 1230 ignorare

98 1247 232 1299 possit.
305 1246 398 1287 Non
432 1247 483 1286 ad
518 1247 561 1296 Q.
597 1247 765 1286 Maximi
800 1247 1046 1298 sapientiam,
1083 1261 1210 1299 neque
1244 1248 1293 1287 ad
1327 1248 1433 1287 illius

99 1318 312 1370 superioris
346 1318 525 1357 Africani
559 1319 599 1356 in
635 1332 675 1358 re
709 1318 889 1371 gerunda
927 1318 1180 1366 celeritatem,
1219 1333 1345 1370 neque
1383 1319 1432 1357 ad

98 1387 228 1437 huius,
250 1388 319 1440 qui
339 1395 476 1440 postea
497 1389 585 1436 fuit,
608 1388 808 1442 singulare
829 1388 1046 1436 consilium,
1070 1402 1198 1440 neque
1224 1389 1274 1428 ad
1305 1389 1432 1428 Paulli

98 1459 294 1499 rationem
327 1473 371 1498 ac
403 1459 663 1512 disciplinam,
701 1473 829 1511 neque
866 1460 916 1498 ad
953 1460 994 1499 C.
1036 1460 1154 1499 Marii
1194 1461 1275 1498 rim
1313 1467 1433 1511 atquc

99 1530 419 1570 virtutem—sed
466 1530 575 1569 aliud
621 1544 748 1584 genus
795 1531 1044 1582 imperatoris
1091 1545 1183 1570 sane
1221 1531 1435 1583 diligenter

99 1601 355 1642 retinendum
371 1607 412 1641 et
427 1601 752 1650 conservandum,
769 1615 925 1653 quaeso,
944 1602 1178 1654 cognoscite.
1238 1602 1433 1641 Itinerum

100 1672 274 1726 primum
293 1672 478 1720 laborem,
498 1673 565 1724 qui
586 1672 649 1712 vel
670 1673 867 1712 maximus
888 1673 1003 1712 estin
1024 1686 1065 1712 re
1081 1672 1254 1720 militari,
1273 1672 1432 1721 iudices,

100 1749 142 1783 et
160 1743 202 1782 in
222 1742 356 1783 Sicilia
375 1743 547 1782 maxime
567 1743 820 1791 necessarum,
842 1743 1007 1795 accipite
1027 1757 1147 1794 quam
1176 1742 1332 1782 facilem
1361 1743 1435 1782 sibi

100 1815 176 1854 iste
196 1820 238 1854 et
266 1813 485 1854 iucundum
514 1815 667 1854 ratione
696 1813 937 1865 consilioque
967 1813 1197 1853 reddiderit.
1256 1813 1435 1853 Primum

101 1885 347 1938 temporibus
376 1885 552 1924 hibernis
580 1884 630 1923 ad
658 1884 976 1938 magnitudinem
997 1884 1190 1937 frigorum
1211 1890 1251 1923 et
1271 1890 1437 1936 tempes-

101 1961 233 1996 tatum
265 1956 348 1996 vim
380 1970 425 1995 ae
462 1956 671 1995 fluminum
710 1955 955 2008 praeclarum
994 1955 1066 1994 hoc
1105 1956 1178 1994 sibi
1216 1955 1435 1994 remedium

102 2033 359 2079 compararat.
418 2026 572 2066 Urbem
610 2026 826 2079 Syracusas
864 2025 1048 2079 elegerat,
1089 2026 1200 2064 cuius
1238 2025 1300 2064 hic
1337 2025 1437 2064 situs

101 2104 223 2150 atque
260 2097 356 2138 haee
394 2104 537 2136 natura
575 2110 657 2136 esse
695 2097 769 2136 loci
809 2097 983 2148 caelique
1024 2096 1180 2144 dicitur,
1222 2103 1268 2135 ut
1306 2095 1437 2134 nullus

103 2182 280 2222 unquam
304 2168 389 2208 dies
418 2174 500 2207 tam
530 2182 674 2221 magna
702 2182 746 2206 ac
776 2167 1008 2207 turbulenta
1037 2172 1274 2218 tempestate
1303 2166 1434 2213 fuerit,

105 2239 202 2291 quin
221 2238 355 2290 aliquo
375 2244 555 2290 tempore
575 2238 658 2277 eius
678 2237 757 2276 diei
778 2237 900 2276 solem
921 2237 1099 2276 homines
1119 2236 1303 2275 viderint.
1361 2235 1437 2274 Hic

105 2310 163 2349 ita
182 2309 344 2349 vivebat
363 2308 438 2348 iste
458 2308 585 2347 bonus
611 2308 827 2360 imperator
846 2308 1020 2347 hibernis
1049 2307 1259 2353 mensibus,
1282 2311 1328 2344 ut
1349 2318 1437 2345 eum

107 2393 186 2421 non
218 2379 331 2419 facile
362 2393 441 2419 non
474 2379 593 2418 modo
627 2386 741 2419 extra
775 2385 925 2418 tectum
959 2378 1026 2418 scd
1063 2392 1111 2417 ne
1144 2383 1258 2416 extra
1291 2375 1436 2415 lcctmn

109 2451 270 2503 quidem
291 2451 499 2502 quisquam
523 2449 700 2489 videret:
731 2450 785 2488 ita
807 2449 883 2488 dici
906 2449 1078 2488 brevitas
1095 2448 1295 2494 conviviis,
1314 2446 1439 2485 noctis

1449 614 1499 654 10

1449 697 1485 725 25

1453 1613 1492 1642 26
