1674 2729
110 201 242 250 2051]
291 204 359 239 IN
381 202 571 239 GAJUM
601 202 831 238 VERREM
855 202 1156 239 SECL'NDAE
1182 205 1282 239 Lm.
1310 206 1345 238 1'.
1401 215 1438 240 21

162 308 223 347 At
250 307 356 348 enim
375 307 522 348 idcirco
543 321 684 347 navem
713 307 965 346 Mamertinis
993 320 1070 346 non
1101 307 1314 360 imperasti,
1337 308 1441 360 quod
1462 329 1502 357 49

108 382 206 417 sunt
242 376 446 418 foederati.
519 378 570 417 Ι)ἰ
607 377 854 429 adprobent!
924 377 1127 417 Habemus
1166 378 1364 418 hominem
1403 379 1442 417 in

108 447 307 488 fetialium
353 449 536 488 manibus
575 448 799 497 educatum,
840 461 964 487 unuin
1012 455 1169 501 praeter
1206 456 1356 488 cctcros
1403 450 1442 488 in

107 519 276 572 publicis
323 519 582 573 religionibus
621 520 826 560 foederum
874 527 1055 559 sanctum
1096 535 1140 560 ac
1186 521 1442 574 diligentem:

108 602 245 630 omnes
264 590 334 642 qui
353 596 447 630 ante
479 596 517 630 tc
538 591 703 630 fuerunt
731 598 932 643 praetores
951 590 1152 630 dedantur
1180 592 1441 638 Mamertinis,

107 661 216 714 quod
253 662 309 702 eis
346 677 489 702 navem
534 670 672 702 contra
718 664 942 715 pactionem
980 662 1150 702 foederis
1197 664 1440 716 impcrarint.

107 733 188 774 Sed
207 739 341 774 tamen
362 741 418 783 tu,
437 741 571 774 sancte
592 735 709 774 homo
730 749 773 774 ac
794 734 986 787 religiose,
1010 748 1079 773 cur
1098 735 1443 774 Tauromenitanis

106 804 205 844 item
242 804 456 844 foederatis
490 819 632 845 navem
666 806 898 857 imperasti?
953 806 1019 844 An
1058 805 1130 845 hoc
1168 806 1362 858 probabis,
1402 806 1443 844 in

106 889 233 927 aequa
253 889 372 915 causa
400 876 637 928 populorum
659 877 743 916 sine
771 877 900 928 pretio
920 877 1074 916 varium
1095 877 1155 916 ius
1184 883 1225 916 et
1244 876 1442 929 disparem

107 945 379 986 condicionem
410 947 560 987 fuisse?
617 946 752 996 Quid?
807 947 850 986 Si
880 947 963 986 eius
989 947 1096 986 modi
1126 961 1210 986 esse
1239 947 1334 987 hacc
1362 947 1442 986 duo
1462 960 1500 992 50

107 1017 269 1057 foedera
314 1017 485 1057 duorum
533 1017 782 1070 populorum,
826 1017 986 1066 indices,
1035 1018 1168 1066 docco,
1208 1024 1255 1057 ut
1298 1018 1443 1058 Tauro-

107 1088 320 1128 menitanis
354 1089 590 1128 nominatim
624 1095 784 1128 cautum
819 1094 860 1128 ct
889 1094 1098 1140 exceptum
1130 1089 1182 1127 sit
1210 1088 1369 1128 foedere
1400 1103 1443 1129 ize

106 1172 234 1199 mzvem
266 1159 354 1199 dare
387 1159 545 1207 debeant,
581 1159 834 1199 Mamertinis
867 1160 908 1198 in
946 1160 1032 1211 ipso
1065 1159 1224 1199 foedere
1262 1166 1442 1199 sanctum

106 1236 228 1282 atque
266 1230 554 1283 prae-scriptum
593 1231 646 1270 sit
682 1234 723 1269 ut
760 1244 887 1270 ‘navem
924 1230 1012 1270 dare
1053 1244 1186 1271 necesse
1223 1232 1279 1279 sil,
1319 1231 1440 1270 istum

106 1307 242 1341 autem
289 1307 427 1341 contra
474 1301 615 1341 foedus
662 1307 703 1341 et
749 1302 1097 1341 Tauromenitanis
1143 1302 1356 1354 imperasse
1401 1308 1442 1341 et

106 1371 359 1412 Mamertinis
379 1373 599 1412 remisisse:
631 1373 826 1424 numquid
855 1372 1022 1412 dubium
1050 1373 1200 1425 poterit
1228 1386 1322 1421 esse,
1345 1373 1440 1424 quin

106 1443 233 1483 Verre
280 1450 464 1496 praetore
511 1444 600 1496 plus
648 1444 899 1484 Mamertinis
947 1444 1095 1498 cybaea
1141 1458 1260 1496 quam
1298 1445 1442 1483 Tauro-

107 1514 321 1554 menitanis
355 1514 496 1554 foedus
530 1514 772 1567 opitulatum
806 1515 887 1554 sit'l
942 1515 1178 1555 Recitentur
1215 1514 1442 1555 foedera.—

108 1584 194 1624 Isto
214 1585 339 1638 igitur
368 1591 450 1633 tuo,
473 1599 591 1637 quem
619 1585 670 1624 ad
700 1585 862 1624 modum
891 1585 975 1637 ipse
1004 1586 1217 1637 praedicas,
1239 1585 1438 1633 beneficio,
1459 1587 1511 1627 20

106 1662 154 1695 ut
181 1669 243 1696 res
272 1656 433 1705 indicat,
455 1657 584 1709 pretio
613 1663 733 1709 atque
762 1656 953 1705 mercede,
984 1657 1165 1696 minuisti
1193 1657 1441 1697 maiestatem

107 1727 165 1766 rei
212 1727 404 1779 publicae,
445 1728 626 1767 minuisti
663 1728 812 1767 auxilia
858 1727 995 1780 populi
1042 1728 1222 1776 Romani,
1262 1728 1441 1770 minuisti

108 1798 240 1850 copias
260 1799 456 1838 maiorum
484 1799 635 1839 virtute
655 1813 699 1838 ac
727 1799 922 1851 sapientia
946 1805 1192 1851 comparatas
1206 1815 1216 1849 3
1245 1799 1442 1839 sustulisti

107 1868 169 1908 ius
205 1869 374 1922 imperii,
414 1869 687 1910 condicionem
734 1870 941 1919 sociorum,
980 1871 1212 1910 memoriam
1258 1870 1439 1910 foederis.

107 1938 187 1988 Qui
224 1953 275 1980 ex
312 1940 472 1980 foedere
510 1941 596 1994 ipso
634 1954 777 1981 navem
814 1940 879 1980 vcl
916 1954 1040 1993 usque
1073 1941 1124 1980 ad
1163 1941 1374 1990 Oceanum,
1410 1942 1442 1981 si

105 2010 424 2064 imperassemus,
464 2018 640 2064 sumptu,
680 2011 935 2065 periculoque
974 2025 1046 2051 suo
1091 2018 1285 2051 armatam
1322 2018 1443 2064 atquc

106 2086 290 2121 ornatam
319 2083 480 2122 mittere
509 2082 746 2131 debuerunt,
769 2083 815 2131 ci,
839 2096 888 2122 nc
918 2083 958 2121 in
988 2082 1091 2122 freto
1119 2088 1212 2122 ante
1239 2096 1309 2122 sua
1339 2089 1443 2122 tecta

107 2158 148 2192 et
166 2152 305 2193 domos
327 2154 573 2207 navigarent,
597 2167 646 2193 nc
666 2168 737 2193 sua
756 2154 912 2193 moenia
932 2159 1148 2206 portusque
1168 2153 1440 2202 defenderent,

108 2223 241 2275 pretio
269 2224 339 2263 abs
374 2230 414 2264 te
443 2224 504 2263 ius
537 2224 708 2264 foederis
738 2230 779 2264 ct
807 2224 963 2277 imperii
996 2223 1265 2263 condicionem
1295 2224 1443 2263 redem-

108 2300 239 2334 erunt.
317 2294 424 2344 Quid
463 2296 631 2335 censetis
670 2296 711 2334 in
749 2295 823 2335 hoc
860 2294 1021 2335 foedere
1059 2294 1239 2334 faciendo
1272 2294 1442 2334 voluisse
1462 2306 1498 2338 51

110 2364 378 2405 Mamertinos
406 2365 637 2418 impendere
666 2366 821 2415 laboris,
853 2380 1005 2419 operae,
1036 2366 1235 2418 pecuniae,
1267 2379 1315 2405 nc
1349 2366 1444 2406 haec

111 2435 272 2476 biremis
311 2437 585 2487 ascriberetur,
621 2439 653 2478 si
692 2438 733 2478 id
770 2438 852 2478 ullo
889 2438 1007 2478 modo
1045 2444 1207 2491 possent
1239 2453 1262 2477 a
1300 2439 1444 2478 nostris
