1674 2729
99 216 156 252 37.
169 213 232 262 96]
285 216 350 250 ΙΝ
374 215 562 251 ΟΑΙΠᾸΙ
592 215 819 249 VERREM
845 215 1148 249 SECC'NILIE
1177 216 1272 248 l.ll›'.
1302 215 1337 248 1‘.
1391 225 1433 258 3‘)

101 324 173 358 ant
211 319 377 367 tumulo,
418 318 485 357 scd
531 320 686 357 flamma
735 332 784 357 ex
833 319 917 370 ipso
965 319 1147 358 incendio
1197 319 1355 357 navium
1394 328 1433 357 ct

102 389 367 430 calamitatem
406 398 606 442 acceptam
647 399 687 428 et
726 389 946 441 periculum
980 389 1174 440 reliquum
1212 390 1430 428 nuntiabat.

101 460 205 502 Cum
224 467 385 514 praetor
399 469 657 512 quaereretur
673 468 713 499 et
728 467 928 500 constaret
949 461 1145 500 neminem
1163 462 1196 500 ei
1220 461 1433 508 nuntiasse,
1454 461 1504 499 36

102 533 150 572 fit
167 531 219 572 ad
237 532 401 572 domum
431 533 514 572 eius
544 546 632 572 cuin
663 532 831 571 clamore
861 546 1072 571 concursus
1101 541 1221 583 atquc
1251 533 1431 584 impetus.
1454 545 1489 570 (η

103 603 207 643 Tum
244 604 319 643 iste
358 604 555 643 excitatus
592 603 704 642 audit
746 617 827 642 rem
867 617 1023 642 omnem
1067 618 1116 642 ex
1159 602 1435 643 Timarchide:

103 688 243 728 sagum
280 675 412 714 sumit.
472 675 649 714 Lucebat
688 675 763 712 iam
801 675 904 714 fere:
950 675 1129 726 procedit
1167 675 1206 712 in
1246 674 1432 722 medium,

104 746 198 794 vini,
230 746 370 793 somni,
407 746 534 797 stupri
570 745 719 797 plenus.
800 745 1007 797 Excipitur
1044 746 1094 784 al»
1131 745 1313 783 omnibus
1352 746 1436 783 cius

104 816 212 856 modi
264 816 444 864 clamore,
499 824 544 855 ut
596 817 629 855 ci
685 816 940 868 Lampsaceni
997 816 1159 868 periculi
1217 815 1436 854 similitudo

107 894 331 927 versaretur
359 894 453 926 ante
481 886 624 926 oculos.
687 887 771 925 Hoc
801 887 919 925 ctiam
955 887 1081 925 maius
1112 886 1182 924 hoc
1213 886 1433 933 videbatur,

105 957 212 1010 quod
232 958 273 997 in
293 957 385 997 odio
406 958 523 996 simili
548 957 766 996 multitudo
797 957 1001 996 hominum
1023 957 1117 996 hacc
1137 965 1223 996 crat
1251 957 1432 995 maxima.

105 1029 209 1069 Tum
237 1029 353 1068 istius
381 1037 469 1068 acta
499 1029 892 1077 commcmoral›atur,
915 1035 1001 1067 tum
1032 1029 1227 1081 flagitiosa
1256 1028 1323 1067 illa
1351 1042 1437 1067 con-

106 1101 213 1140 vivia
221 1116 231 1149 3
250 1106 337 1139 tum
349 1099 655 1152 appellabantur
669 1114 691 1138 a
708 1099 967 1138 multitudine
984 1099 1168 1138 mulieres
1185 1100 1416 1138 nominatim
1431 1116 1437 1140 2

106 1178 193 1211 tum
213 1171 458 1223 quaerebant
479 1185 528 1210 ex
548 1171 625 1209 isto
655 1170 795 1222 palam,
819 1177 881 1209 tot
899 1170 984 1209 dies
1009 1171 1227 1217 continuos,
1250 1184 1320 1222 per
1340 1183 1437 1221 quos

107 1255 311 1294 nunquam
341 1242 448 1280 visus
484 1249 598 1287 esset,
630 1241 697 1279 ubi
732 1241 883 1289 fuisset,
916 1241 1012 1292 quid
1047 1241 1216 1293 egisset3
1254 1249 1341 1279 tum
1370 1241 1438 1279 ini-

106 1319 266 1366 perator
294 1313 344 1352 ab
373 1313 450 1352 isto
479 1313 728 1364 praepositus
749 1312 981 1351 Cleomenes
1002 1312 1281 1364 flagitabatur;
1310 1325 1437 1362 neque

106 1384 318 1436 quicquam
357 1384 519 1435 propius
558 1390 618 1422 est
660 1383 820 1430 factum,
861 1396 980 1433 quam
1019 1388 1065 1420 ut
1107 1382 1205 1420 illud
1249 1382 1437 1421 Uticense

107 1455 335 1507 exemplum
368 1455 418 1494 de
457 1454 663 1493 Hadriano
698 1454 982 1492 transferretur
1019 1454 1245 1505 Syracusas,
1281 1460 1327 1491 ut
1359 1453 1439 1491 duo

107 1525 286 1578 sepulcra
317 1525 489 1564 duorum
523 1532 750 1576 praetorum
785 1525 1054 1575 improborum
1089 1524 1243 1562 duabus
1276 1525 1316 1562 in
1356 1538 1439 1575 pro-

108 1597 248 1636 vinciis
281 1596 629 1635 constituerentur.
690 1595 839 1634 Verum
874 1595 1009 1633 habita
1039 1602 1098 1633 est
1126 1609 1148 1632 a
1182 1594 1439 1632 multitudine

110 1668 212 1707 ratio
246 1667 446 1719 temporis,
484 1666 620 1704 habita
655 1665 862 1713 tumultus,
900 1665 1036 1703 habita
1074 1665 1193 1704 etiam
1231 1665 1440 1717 dignitatis

110 1739 496 1789 existimationisque
510 1738 739 1783 communis,
755 1737 861 1788 quod
878 1738 909 1775 is
926 1744 986 1775 est
1001 1743 1219 1776 conventus
1235 1736 1440 1788 Syracusis

110 1811 257 1850 civium
291 1810 572 1856 Romanorum,
609 1817 655 1847 ut
689 1822 767 1847 non
801 1808 920 1847 modo
954 1808 1020 1846 illa
1053 1809 1266 1859 provincia,
1302 1821 1440 1847 verum

110 1882 230 1922 etiam
255 1881 326 1920 hac
350 1895 392 1920 re
417 1880 573 1933 publica
593 1880 850 1932 dignissimus
874 1879 1134 1918 existimetur.
1194 1879 1441 1918 Confirmant
1459 1901 1496 1929 95

111 1953 186 2005 ipsi
220 1967 272 2001 se,
309 1966 398 1992 cum
433 1952 495 1991 hic
529 1952 649 1991 etiam
684 1957 769 1990 tuin
805 1951 1064 1990 semisomnus
1098 1957 1300 2002 stuperet:
1333 1964 1441 1988 arma

112 2023 275 2075 capiunt
284 2038 293 2071 ;
317 2028 448 2061 totum
469 2022 600 2060 forum
620 2028 740 2072 atque
762 2021 948 2068 Insulam,
972 2034 1071 2071 quac
1093 2026 1152 2059 cst
1171 2021 1279 2058 urbis
1300 2034 1442 2073 magna

112 2107 214 2146 pars,
237 2092 447 2144 complent.
508 2092 640 2131 Unam
670 2091 778 2130 illam
810 2099 963 2130 noctem
994 2091 1113 2129 solam
1146 2091 1364 2142 praedones
1392 2091 1440 2128 ad

114 2164 308 2204 Helorum
342 2163 584 2210 commorati,
621 2177 708 2201 cum
744 2163 943 2201 fumantes
977 2163 1097 2201 ctiam
1133 2173 1285 2200 nostras
1325 2176 1442 2200 naves

114 2235 378 2286 reliquissent,
400 2234 585 2273 accedere
605 2234 802 2285 incipiunt
821 2234 872 2272 ad
902 2235 1139 2284 Syracusas:
1171 2233 1237 2283 qui
1260 2232 1443 2271 videlicet

115 2320 231 2358 saepe
263 2305 470 2344 audissent
503 2304 600 2343 nihil
640 2318 722 2344 esse
762 2305 963 2356 pulchrius
1002 2318 1119 2355 quani
1159 2304 1441 2354 Syracuscwum

115 2377 272 2417 moenia
293 2391 337 2415 ac
367 2383 516 2428 portuS,
539 2382 764 2415 statuerant
793 2390 844 2423 sc,
868 2377 898 2414 si
929 2390 973 2414 ea
1004 2375 1127 2414 Verre
1156 2381 1336 2426 praetore
1367 2388 1443 2413 non

116 2448 322 2495 vidissent,
345 2461 549 2498 nunquam
570 2460 652 2485 esse
673 2447 836 2486 visuros.
897 2447 954 2484 Ac
985 2447 1041 2497 pri
1049 2460 1110 2483 nn»
1130 2445 1178 2483 ad
1210 2445 1276 2483 illa
1295 2452 1444 2484 aestiva
1464 2448 1515 2486 37
