1674 2729
102 217 156 254 18.
169 215 232 264 46]
280 219 350 254 IN
371 219 560 256 GAIUM
590 223 821 262 VERREM
843 229 1147 270 SECUNDAE
1174 238 1272 274 LlB.
1301 241 1334 276 V.
1391 253 1431 288 19

97 320 320 372 decederet,
335 323 502 377 adpulsa
516 326 669 368 Veliam
683 336 744 370 cst
757 345 846 372 cum
859 334 1040 386 plurimis
1054 340 1181 389 rebus,
1197 348 1238 382 et
1251 344 1316 394 eis,
1332 359 1429 398 quas

97 392 174 434 iste
201 394 371 435 Romam
399 397 560 438 mittere
585 413 674 440 cum
704 404 844 444 ceteris
865 406 982 447 furtis
1012 410 1150 461 noluit,
1182 415 1288 465 quod
1315 425 1430 458 erant

96 464 319 506 carissimae
338 468 589 522 maximeque
606 484 696 512 eum
713 473 975 519 delectabant.
1025 481 1123 522 Eam
1145 498 1285 526 navem
1302 501 1428 541 nuper

95 541 255 590 egomet
281 537 366 577 vidi
395 538 532 580 Veliae
567 542 763 596 multique
791 547 858 586 alii
888 549 1086 600 viderunt,
1119 556 1425 606 pulcherrimam

93 611 215 659 atque
228 609 532 660 ornatissimam,
549 612 696 654 iudices
713 632 720 656 :
751 630 850 668 quae
867 621 1027 671 quidem
1043 627 1236 676 omnibus,
1254 631 1321 681 qui
1338 644 1423 671 eam

91 686 341 731 aspexerant,
360 690 612 735 prospectare
632 687 709 726 iani
727 690 909 730 exsilium
924 700 1045 746 atque
1061 698 1266 749 explorare
1287 702 1422 756 fugam

90 747 243 789 domini
263 751 485 793 videbatur.
546 755 650 804 Quid
678 759 775 798 mihi
797 761 868 801 hoe
889 763 972 804 loco
992 769 1247 820 respondebis
1264 775 1277 812 ’ζ
1332 773 1420 814 Nisi
1441 776 1490 816 18

89 819 194 860 forte
223 821 275 870 id,
307 823 414 875 quod
446 828 605 866 tametsi
635 830 793 881 probari
827 834 936 874 nullo
965 838 1082 878 modo
1111 848 1253 892 potest,
1287 851 1419 886 tamen
1437 862 1475 891 45

87 889 167 930 dici
182 892 344 944 quidem
359 894 400 933 in
421 895 566 937 iudicio
586 898 636 938 dc
652 903 828 951 pecuniis
848 909 1078 958 repetundis
1100 924 1255 953 necesse
1276 922 1345 964 est,
1368 916 1418 957 de

87 965 158 1004 tua
185 964 353 1015 pecunia
371 965 620 1008 aedificatam
654 983 737 1011 esse
768 972 974 1030 [navemss
1028 980 1146 1021 Aude
1176 983 1248 1023 hoc
1276 985 1417 1027 saltem

85 1030 227 1082 dicere,
249 1035 358 1086 quod
378 1049 535 1078 neeesse
555 1045 625 1079 est.
685 1041 780 1082 Noli
800 1051 988 1096 metuere,
1012 1049 1214 1102 Hortensi,
1238 1069 1286 1095 ne
1302 1070 1416 1108 quae-

84 1116 180 1152 ram,
203 1105 271 1157 qui
291 1105 449 1148 licuerit
467 1109 674 1152 aedificare
695 1126 837 1155 navem
857 1121 1040 1160 senatori.
1099 1123 1302 1177 Antiquae
1322 1136 1417 1169 sunt

83 1173 184 1215 istae
211 1175 319 1230 leges
353 1184 394 1218 et
426 1187 617 1230 mortuae,
649 1196 768 1235 quem
796 1186 847 1226 ad
876 1189 1038 1230 modum
1069 1199 1114 1232 tu
1141 1195 1242 1235 soles
1270 1197 1411 1248 dicere,

83 1258 184 1298 quae
221 1253 372 1288 vetant,
430 1249 528 1290 Fuit
564 1252 642 1292 ista
680 1267 741 1294 res
778 1258 936 1308 publica
973 1263 1185 1314 quondam,
1221 1267 1300 1308 fuit
1336 1270 1413 1310 ista

81 1317 272 1358 severitas
292 1319 334 1358 in
362 1320 529 1371 iudiciis,
552 1330 599 1363 ut
619 1325 736 1365 istam
766 1341 849 1368 rem
869 1339 1073 1372 aecusator
1100 1335 1141 1374 in
1162 1340 1315 1392 magnis
1343 1343 1412 1380 eri-

80 1387 254 1429 minibus
269 1389 516 1432 obiciendam
532 1400 703 1446 putaret.
764 1397 869 1447 Quid
890 1402 995 1441 enim
1011 1404 1084 1443 tibi
1105 1407 1195 1445 navi
1213 1410 1226 1447 ’.ὶ
1282 1410 1357 1459 Qui
1377 1413 1410 1450 si

79 1471 159 1510 quo
178 1460 334 1512 publice
349 1463 616 1514 proficisceris,
638 1469 826 1518 praesidii
846 1476 887 1510 et
907 1478 1091 1515 vecturae
1111 1490 1227 1518 causa
1246 1489 1409 1534 sumptu

78 1529 238 1582 publico
267 1531 427 1586 navigia
455 1535 698 1586 praebentur
711 1554 722 1587 ς
750 1540 938 1591 privatim
971 1550 1106 1585 autem
1126 1561 1196 1587 nec
1216 1552 1407 1601 proficisci

76 1613 277 1653 quoquam
292 1608 406 1655 potes
422 1618 492 1645 nec
512 1619 706 1648 arcessere
722 1622 784 1649 res
805 1615 1087 1656 transmarinas
1103 1630 1153 1657 ex
1168 1619 1223 1658 eis
1242 1619 1346 1670 locis,
1365 1623 1405 1662 in

75 1671 220 1722 quibus
249 1678 290 1713 te
310 1673 454 1715 habere
484 1676 582 1716 nihil
602 1677 705 1719 lieet.
763 1680 920 1723 Deinde
950 1698 1019 1724 cur
1038 1688 1247 1740 quiequam
1268 1698 1405 1733 eontra
1422 1707 1462 1743 46

74 1740 182 1795 leges
201 1744 380 1795 parasti?
435 1745 600 1787 Valeret
619 1748 692 1789 hoc
712 1751 860 1792 crimen
880 1754 921 1793 in
949 1755 1017 1795 illa
1036 1764 1171 1799 vetere
1191 1763 1403 1804 severitate

73 1826 118 1852 ac
143 1813 342 1868 dignitate
369 1817 427 1856 rei
455 1818 636 1870 publicae
650 1836 661 1870 3
690 1835 794 1862 nunc
823 1838 902 1865 non
923 1827 1040 1868 modo
1070 1835 1110 1869 te
1139 1830 1211 1871 hoc
1240 1834 1402 1876 crimine

73 1897 153 1924 non
193 1898 329 1940 arguo,
369 1887 439 1928 sed
478 1903 527 1929 ne
564 1890 632 1931 illa
670 1894 832 1944 quidem
871 1900 1069 1939 communi
1107 1902 1400 1955 vituperatione

71 1954 342 2007 reprehendo:
399 1963 445 1997 tu
505 1959 579 1999 tibi
631 1961 704 2002 hoc
759 1978 963 2018 nunquam
1019 1975 1146 2023 turpe,
1196 1987 1399 2027 nunquam

71 2025 336 2076 criminosum,
358 2041 562 2081 nunquam
590 2032 832 2075 invidiosum
852 2037 936 2078 fore
961 2042 1122 2092 putasti,
1145 2043 1398 2087 celeberrimo

68 2095 154 2137 loco
186 2097 318 2150 palam
351 2099 425 2138 tibi
453 2101 651 2142 aedificari
685 2108 904 2148 onerariam
938 2123 1080 2151 navem
1108 2113 1148 2152 in
1181 2117 1393 2166 provincia,

68 2181 188 2220 quam
225 2174 273 2209 tu
309 2183 399 2210 cum
435 2171 602 2224 imperio
639 2175 875 2219 obtinebas?
936 2180 1041 2230 Quid
1079 2196 1144 2223 eos
1180 2185 1289 2237 loqui
1327 2189 1394 2239 qui

66 2237 268 2289 videbant,
299 2241 397 2292 quid
425 2243 652 2285 existimare
685 2260 750 2287 eos
779 2250 847 2300 qui
875 2251 1091 2293 audiebant
1122 2255 1394 2300 arbitrabare?

65 2309 225 2350 inanem
270 2316 312 2351 te
349 2325 514 2363 navem!
537 2328 620 2356 esse
656 2317 765 2358 illam
811 2320 853 2359 in
894 2321 1052 2363 Italiam
1096 2325 1392 2370 adducturum?

65 2380 359 2430 naviculariam,
390 2396 480 2423 cum
513 2385 681 2427 Romam
711 2391 894 2440 venisses,
926 2407 1009 2434 csse
1042 2395 1272 2438 facturum?
1327 2399 1389 2440 Ne

63 2451 163 2492 illud
209 2453 371 2505 quidem
409 2456 617 2508 quisquam
655 2466 813 2511 poterat
858 2465 1057 2517 suspicari,
1098 2473 1137 2507 te
1184 2469 1224 2507 in
1272 2469 1388 2511 Italia
