1700 2729
269 238 309 274 18
562 237 618 273 M.
652 237 690 272 T.
721 237 1011 273 CICERONIS
1035 237 1299 273 ACTJONIS
1465 236 1597 284 [17.42

263 343 514 383 incommodo
543 342 784 389 nuntiatum,
817 355 906 381 cum
935 342 1184 382 inveniretur
1212 356 1328 382 nemo
1357 343 1425 394 qui
1454 343 1496 382 in
1528 342 1598 382 illa

262 414 348 455 loca
377 427 466 454 cum
494 413 661 466 imperio
689 413 930 460 mitteretur,
961 411 1208 465 dixissetque
1237 413 1400 465 quidam
1428 413 1596 453 Verrem

263 499 347 526 esse
380 499 460 525 non
493 485 610 539 longe
643 498 666 523 a
704 484 883 536 Tempsa,
921 497 1041 536 quam
1079 484 1194 524 valde
1233 485 1409 524 universi
1440 484 1597 524 admur-

261 557 519 605 muraverint,
556 569 675 607 quam
713 555 844 607 palam
882 555 1078 607 principes
1112 555 1290 594 dixerint
1327 559 1488 595 contra!
1543 555 1598 595 Et

261 628 322 668 his
339 634 401 667 tot
420 627 650 666 criminibus
671 626 989 677 testimoniisque
1010 627 1214 666 convictus
1235 627 1276 665 in
1298 640 1434 666 eorum
1449 626 1597 667 tabella

261 712 371 751 spem
401 698 475 737 sibi
494 697 668 748 aliquam
696 697 894 749 proponit,
918 710 1088 748 quorum
1117 697 1295 736 omnium
1320 697 1452 750 palam
1481 710 1597 737 causa

260 770 463 822 incognita
483 782 578 807 voce
599 768 812 807 damnatus
834 770 922 806 cst?

192 847 241 886 17
313 841 410 881 Esto
424 857 434 890 ,-
473 840 572 879 nihil
611 853 661 879 ex
693 839 959 892 fugitivorum
996 838 1101 878 bello
1134 845 1206 878 aut
1243 839 1464 891 suspicione
1502 839 1597 879 belli

203 930 241 959 42
259 913 388 953 laudis
421 912 591 965 adeptus
626 916 696 959 est,
731 910 838 962 quod
872 924 1001 962 neque
1034 910 1184 950 bellum
1214 911 1297 950 eius
1330 911 1440 951 modi
1468 924 1596 963 neque

258 984 352 1024 belli
380 983 602 1036 periculum
631 983 710 1021 fuit
738 982 781 1020 in
807 981 942 1021 Sicilia
971 995 1100 1033 neque
1118 982 1169 1021 ab
1197 981 1275 1021 isto
1303 982 1508 1034 provisum
1536 988 1598 1022 est

258 1070 308 1095 ne
329 1055 436 1108 quod
465 1060 590 1095 esset:
621 1060 664 1093 at
692 1067 787 1093 vero
817 1059 954 1093 contra
981 1053 1131 1093 bellum
1157 1053 1404 1106 praedonum
1433 1054 1596 1094 classem

258 1127 400 1167 habuit
434 1131 617 1166 ornatam
645 1125 976 1178 diligentiamque
1009 1125 1051 1163 in
1086 1138 1131 1165 eo
1165 1125 1407 1178 singularem
1421 1141 1432 1175 3
1459 1125 1596 1177 itaque

258 1198 308 1238 ab
346 1198 423 1237 isto
470 1195 669 1249 praeclare
707 1195 871 1235 defensa
912 1195 1116 1247 provincia
1154 1201 1224 1234 est.
1302 1195 1366 1235 Sic
1403 1195 1455 1235 de
1491 1195 1596 1236 bello

258 1269 516 1323 praedonum,
557 1268 611 1306 sic
657 1267 707 1306 de
753 1266 873 1306 classe
921 1266 1128 1314 Siciliensi,
1168 1265 1329 1314 iudices,
1369 1266 1509 1315 dicam,
1549 1272 1597 1306 ut

258 1342 332 1382 hoc
360 1341 440 1380 iam
469 1345 563 1379 ante
592 1339 833 1386 confirmem,
855 1338 897 1376 in
927 1338 999 1377 hoc
1028 1351 1108 1377 uno
1128 1351 1274 1391 genere
1303 1351 1439 1377 omnes
1467 1338 1596 1378 inesse

259 1413 394 1465 culpas
435 1412 550 1451 istius
598 1410 802 1458 maximas,
843 1409 1046 1457 avaritiae,
1086 1409 1317 1457 maiestatis,
1357 1408 1593 1458 dementiae,

257 1484 446 1531 libidinis,
469 1481 726 1521 crudelitatis.
787 1480 897 1520 Haec
926 1479 1023 1519 dum
1042 1480 1218 1519 brexiter
1247 1493 1413 1532 expono,
1435 1493 1593 1532 quaeso,

258 1561 306 1595 ut
323 1555 473 1595 fecistis
493 1553 634 1601 adhuc,
657 1552 872 1606 diligenter
891 1551 1100 1591 attendite.

202 1646 240 1675 43
313 1628 414 1666 Rem
443 1625 625 1665 navalem
644 1625 819 1676 primum
847 1624 905 1662 ita
931 1623 1019 1662 dico
1049 1636 1133 1662 esse
1161 1622 1492 1671 administratam,
1513 1636 1594 1663 non

258 1699 319 1738 uti
348 1698 552 1751 provincia
572 1695 868 1743 defenderetur,
891 1694 961 1733 sed
989 1694 1051 1733 uti
1078 1694 1211 1734 classis
1239 1694 1399 1734 nomine
1426 1695 1595 1747 pecunia

259 1774 526 1823 quaereretur.
586 1767 845 1819 Superiorum
865 1771 1096 1818 praetorum
1116 1765 1362 1805 consuetudo
1389 1778 1479 1804 cum
1497 1765 1594 1806 haec

259 1841 410 1888 fuisset,
439 1844 486 1878 ut
514 1851 634 1877 naves
664 1837 894 1876 civitatibus
924 1842 1133 1888 certusque
1162 1850 1351 1875 numerus
1379 1842 1594 1876 nautarum

259 1912 512 1962 militumque
527 1910 801 1961 imperaretur,
819 1908 1015 1946 maximae
1037 1914 1078 1947 et
1091 1907 1424 1959 locupletissimae
1439 1908 1594 1948 civitati

261 1983 525 2024 Mamertinae
554 1980 654 2019 nihil
682 1980 825 2018 horum
853 1978 1109 2030 imperavisti.
1169 1978 1232 2017 Ob
1259 1978 1360 2017 hanc
1382 1992 1467 2018 rem
1495 1978 1594 2030 quid

262 2056 336 2095 tibi
365 2052 597 2093 Mamertini
626 2051 726 2090 clam
754 2050 945 2103 pecuniae
974 2049 1169 2097 dederint,
1192 2054 1293 2101 post,
1315 2050 1348 2088 si
1376 2049 1590 2098 videbitur,

204 2145 243 2173 44
261 2141 312 2167 ex
343 2127 521 2178 ipsorum
557 2123 702 2162 litteris
741 2122 989 2172 testibusque
1023 2134 1257 2172 quaeremus
1271 2136 1281 2170 3
1318 2134 1462 2160 navem
1497 2134 1594 2161 vero

261 2199 451 2252 cybaeam
497 2194 722 2240 maximam,
772 2192 944 2231 triremis
990 2191 1127 2240 instar,
1167 2191 1299 2243 palam
1344 2191 1591 2231 aedificatam

261 2274 425 2321 sumptu
456 2265 626 2319 publico,
658 2271 728 2303 tuo
762 2264 932 2311 nomine,
963 2262 1130 2314 publice,
1163 2262 1311 2302 sciente
1344 2268 1431 2302 tota
1459 2263 1594 2303 Sicilia

260 2355 330 2393 per
377 2338 657 2391 magistratum
694 2341 956 2386 senatumque
1002 2334 1290 2374 Mamertinum
1336 2334 1411 2373 tibi
1456 2333 1593 2374 datam

261 2412 529 2459 donatamque
559 2420 642 2446 esse
671 2405 768 2444 dico.
829 2405 939 2444 Haec
968 2405 1091 2452 navis,
1123 2410 1266 2444 onusta
1294 2403 1442 2456 praeda
1469 2404 1593 2443 Sicili—

262 2483 356 2529 ensi,
388 2493 477 2519 cum
510 2480 595 2531 ipsa
630 2490 786 2529 quoque
821 2482 924 2516 esset
958 2489 1008 2516 ex
1041 2475 1198 2528 praeda,
1235 2475 1352 2515 simu]
1385 2488 1475 2515 cum
1507 2475 1592 2528 ipse
