1700 2729
215 184 260 218 26
512 185 567 219 M.
601 186 641 220 T.
673 186 964 222 CICERONIS
987 187 1252 222 ACTJONJS
1414 184 1485 232 [24.
1499 187 1542 222 61

213 288 386 327 rationes
407 289 554 328 referre
573 289 756 339 debebat,
779 297 820 330 et
848 291 888 329 in
918 291 986 331 illo
1016 292 1123 330 omni
1145 292 1305 345 negotio
1326 305 1405 331 non
1425 290 1545 330 modo

212 358 346 399 labore
379 360 450 399 sed
483 361 604 400 etiam
637 362 812 414 periculo
847 376 918 402 suo
951 363 1194 403 versabatur.
1253 363 1351 402 Erat
1384 362 1468 411 hoc,
1498 368 1547 402 ut

212 429 311 479 dico,
333 431 559 471 factitatum
591 446 755 485 semper,
779 447 849 473 nec
878 433 1007 473 solum
1035 434 1076 472 in
1106 434 1249 482 Sicilia,
1272 433 1343 473 sed
1362 433 1404 472 in
1423 432 1545 472 omni-

212 499 285 540 bus
314 502 537 553 provinciis,
565 503 685 542 etiam
713 504 755 542 in
785 504 980 543 sociorum
1010 510 1051 543 et
1079 504 1316 544 Latinorum
1344 503 1545 557 stipendio

211 586 255 611 ac
275 579 449 624 sumptu,
474 579 560 612 tum
581 588 670 613 cum
691 574 850 614 illorum
869 575 1028 614 auxiliis
1048 576 1110 615 uti
1130 575 1375 615 solebamus:
1400 575 1546 615 Verres

210 650 302 695 post
320 643 532 696 imperium
548 645 812 685 constitutum
830 647 982 698 primus
1001 647 1225 699 imperavit,
1247 652 1295 686 ut
1314 660 1359 687 ea
1377 646 1546 699 pecunia

211 715 339 754 omnis
359 729 382 754 a
402 716 632 755 civitatibus
653 717 727 756 sibi
747 717 1089 766 adnumeraretur,
1111 724 1159 757 ut
1177 719 1210 757 is
1231 731 1318 758 eam
1337 717 1545 770 pecuniam

155 798 191 827 61
211 791 412 834 tract-aret,
436 800 555 838 quem
575 787 658 839 ipse
678 788 942 840 praefecisset.
1002 789 1077 829 Cui
1101 795 1235 841 potest
1258 802 1342 829 esse
1364 789 1543 837 dubium,

211 871 331 909 quam
359 858 410 897 ob
438 872 523 898 rem
553 865 593 898 et
622 860 801 899 omnium
830 860 1160 900 consuetudinem
1188 866 1366 900 veterem
1393 860 1545 913 primus

210 929 434 968 immutaris
469 936 510 969 et
543 936 698 969 tantam
731 931 950 971 utilitatem
983 945 1054 984 per
1086 931 1184 971 alios
1218 931 1450 971 tractandae
1481 944 1546 984 pe-

211 1001 349 1040 cuniae
386 1001 609 1054 neglexeris
649 1008 690 1042 et
728 1008 882 1042 tantam
920 1003 1197 1043 difficultatem
1235 1017 1324 1043 cum
1368 1003 1542 1051 crimine,

211 1072 435 1112 molestiam
455 1087 544 1112 cum
570 1075 793 1126 suspicione
819 1076 1065 1128 susceperis?
1094 1075 1239 1115 deinde
1265 1075 1333 1114 alii
1356 1080 1545 1127 quaestus

210 1143 490 1192 instituuntur,
527 1158 577 1184 ex
609 1159 690 1185 uno
727 1159 872 1199 genere
911 1146 1043 1186 navali
1077 1146 1212 1186 videte
1245 1160 1366 1198 quam
1402 1146 1543 1186 multi:

211 1215 385 1267 accipere
414 1229 437 1254 a
466 1216 696 1270 civitatibus
724 1218 943 1269 pecuniam,
973 1231 1022 1257 ne
1051 1224 1193 1257 nautas
1219 1217 1387 1262 darent;
1415 1217 1544 1270 pretio

211 1292 319 1325 certo
352 1287 491 1326 missos
525 1288 652 1327 facere
692 1294 834 1328 nautas
848 1304 858 1338 ‚-
901 1289 1111 1328 missorum
1151 1303 1266 1329 omne
1300 1288 1545 1341 stipendium

141 1363 194 1403 25
212 1356 355 1396 lucrari
371 1373 380 1405 3
409 1357 571 1409 reliquis
601 1358 708 1410 quod
737 1359 901 1399 deberet
930 1373 1009 1399 non
1038 1360 1143 1399 dare.
1203 1360 1313 1400 Haec
1339 1359 1472 1399 omnia
1495 1373 1546 1400 ex

155 1439 193 1468 62
213 1428 422 1467 civitatum
470 1430 708 1469 testimoniis
757 1431 990 1484 cognoscite.
1071 1431 1210 1471 Recita
1258 1431 1541 1471 testimonium.

213 1499 399 1538 Huncine
433 1500 657 1540 hominem!
696 1501 863 1541 hancine
896 1502 1199 1554 impudentiam,
1235 1501 1407 1542 iudices!
1445 1501 1546 1541 hanc

212 1570 441 1610 audaciam!
498 1571 742 1612 Civitatibus
775 1586 848 1624 pro
881 1587 1047 1613 numero
1081 1573 1256 1612 militum
1288 1573 1547 1626 pecuniarum

212 1655 385 1682 summas
423 1642 662 1683 discribere!
711 1650 865 1684 certum
906 1645 1091 1697 pretium,
1132 1659 1312 1685 sescenos
1349 1658 1543 1693 nummos,

212 1720 425 1752 nautarum
460 1715 657 1754 missionis
692 1716 958 1756 constituere!
999 1730 1098 1768 quos
1131 1717 1201 1768 qui
1237 1716 1414 1765 dederat,
1446 1729 1546 1755 com-

212 1790 388 1823 meatum
417 1785 542 1824 totius
571 1787 734 1825 aestatis
764 1787 986 1827 abstulerat
999 1803 1009 1837 ,-
1038 1788 1124 1835 iste,
1154 1787 1262 1839 quod
1291 1788 1374 1827 eius
1400 1792 1546 1827 nautae

212 1856 372 1895 nomine
400 1870 472 1908 pro
501 1857 701 1908 stipendio
730 1857 1014 1910 frumentoque
1046 1864 1261 1910 acceperat,
1292 1858 1544 1899 lucrabatur:

211 1929 268 1967 ita
297 1935 486 1980 quaestus
514 1929 665 1982 duplex
693 1930 812 1969 unius
845 1930 1043 1969 missionis
1078 1931 1208 1970 fiebat.
1277 1930 1416 1981 Atque
1449 1929 1546 1969 haee

211 2002 330 2041 homo
359 2002 653 2053 amentissimus
682 2003 724 2041 in
752 2009 866 2042 tanto
895 2002 1142 2055 praedonum
1170 2003 1326 2055 impetu
1351 2008 1545 2054 tantoque

211 2072 386 2123 periculo
405 2073 632 2125 proxinciae
660 2074 713 2112 sic
740 2074 871 2126 palam
898 2074 1079 2122 faciebat,
1102 2080 1149 2112 ut
1170 2079 1211 2113 et
1230 2074 1305 2125 ipsi
1325 2072 1545 2125 praedones

212 2143 358 2182 scirent
378 2150 419 2183 et
438 2150 525 2183 tota
545 2144 749 2195 provincia
769 2144 884 2184 testis
905 2150 1018 2184 esset.

154 2227 192 2264 63
266 2215 368 2254 Cum
397 2220 561 2266 propter
588 2215 704 2254 istius
733 2216 834 2254 hanc
863 2216 1073 2254 avaritiam
1102 2215 1262 2255 nomine
1289 2214 1421 2254 classis
1441 2219 1546 2255 esset

212 2285 253 2323 in
291 2285 434 2334 Sicilia,
470 2299 513 2325 re
547 2286 709 2338 quidem
747 2300 841 2326 vera
879 2300 1000 2326 naves
1038 2286 1185 2334 inanes,
1222 2300 1324 2338 quae
1355 2285 1545 2339 praedam

212 2356 396 2407 praetori,
428 2369 508 2395 non
537 2370 639 2408 quae
671 2357 939 2409 praedonibus
972 2362 1126 2396 metum
1158 2357 1374 2406 adferrent,
1410 2363 1545 2397 tamen

213 2441 301 2466 cum
330 2427 372 2466 P.
406 2427 611 2467 Cae-setius
641 2434 681 2468 et
710 2429 751 2467 P.
785 2428 933 2468 Tadius
962 2428 1098 2469 decem
1128 2429 1296 2468 navibus
1324 2428 1405 2468 suis
1433 2427 1545 2468 semi-
