1674 2729
136 190 294 238 56.145]
320 194 389 228 IN
411 193 599 230 GAJUJJ
629 193 858 228 VERREM
883 192 1187 228 SECUND..-1l·t
1213 194 1311 228 Lllss.
1341 195 1375 228 1⁷.
1428 202 1470 238 59

139 297 358 350 Syracusis,
376 311 476 349 quae
498 297 715 336 lautumiae
736 303 939 344 vocantur,
958 297 998 335 in
1019 297 1134 335 istius
1155 298 1320 349 imperio
1336 297 1457 335 ‹lonii-

139 367 274 408 cilium
294 369 439 408 civium
461 369 732 407 Romanorum
760 368 860 407 fuit:
891 374 937 406 ut
963 368 1129 419 quisque
1156 368 1270 407 istius
1294 368 1469 406 animum

139 445 211 478 aut
247 438 381 479 oculos
415 438 646 486 offenderat,
682 439 723 477 in
762 438 978 477 lautumias
1016 439 1153 477 statim
1191 438 1468 477 coniciebatur.

140 508 468 563 Indignissimum
507 510 579 549 1100
618 509 734 549 video
769 509 894 548 videri
931 509 1125 557 omnibus,
1161 509 1321 557 iudices,
1358 515 1398 548 ct
1432 508 1471 547 id

139 580 218 619 iam
255 581 386 633 priore
423 581 590 629 actione,
627 594 714 619 cuni
755 580 849 619 haec
890 586 1011 619 testes
1048 580 1238 629 (licerent,
1279 580 1468 619 intellexi.

139 650 319 691 Retineri
349 652 454 691 enim
488 652 641 704 putatis
674 657 857 703 oportere
891 651 978 690 iura
1011 650 1207 690 libertatis
1242 664 1319 689 non
1354 650 1471 690 modo

140 721 214 771 hie,
249 722 317 762 ubi
352 723 503 761 tribuni
538 722 663 774 plebis
702 728 806 770 sunt,
842 722 909 760 ubi
945 722 1064 761 ceteri
1099 722 1367 775 magistratus,
1403 722 1471 760 ubi

140 791 271 831 forum
300 791 462 844 plenum
491 792 739 840 iudiciorum,
771 792 838 831 ubi
868 799 1028 831 senatus
1057 793 1283 840 auctoritas,
1312 792 1379 830 ubi
1409 805 1471 831 ex-

139 862 332 902 istimatio
370 862 507 915 populi
547 863 714 902 Romani
754 869 795 901 et
836 863 1061 914 frequentia
1079 879 1089 912 3
1135 863 1203 902 sed
1247 863 1472 914 ubicunque

140 938 336 972 terrarum
357 939 398 973 et
415 934 598 986 gentium
628 933 821 972 violatum
850 933 912 972 ius
941 933 1087 972 civium
1111 933 1378 972 Romanorum
1399 940 1469 982 est,

139 1003 318 1043 statuitis
347 1003 388 1042 id
417 1004 616 1056 pertinere
645 1004 696 1043 ad
730 1017 979 1043 communem
1014 1017 1171 1042 causam
1206 1003 1402 1043 libertatis
1432 1010 1472 1043 et

138 1074 359 1128 dignitatis.
419 1075 466 1114 In
497 1081 753 1114 externorum
782 1075 987 1114 hominum
1017 1075 1283 1114 maleficorum
1313 1074 1471 1114 seelera·
1493 1089 1546 1116 144

140 1151 362 1197 torumque,
391 1146 431 1184 in
462 1145 707 1197 praedonum
737 1145 991 1197 hostiumque
1021 1145 1220 1184 custodias
1249 1152 1293 1184 tu
1314 1152 1471 1185 tantum

140 1229 349 1256 numerum
379 1217 525 1255 civium
556 1217 827 1256 Romanorum
856 1215 1059 1256 includere
1088 1230 1207 1256 ausus
1237 1219 1306 1256 es?
1362 1216 1472 1256 Nun-

139 1280 310 1338 quamne
344 1287 417 1326 tibi
451 1286 598 1335 iudicii,
636 1301 840 1338 nunquam
874 1287 1080 1335 contionis,
1117 1301 1321 1338 nunquam
1356 1287 1472 1326 11111115

140 1364 277 1399 tantae
311 1359 570 1411 frequentiae,
606 1373 706 1411 quae
741 1373 845 1398 nune
884 1365 923 1398 te
961 1359 1094 1398 animo
1132 1360 1379 1411 iniquissimo
1419 1361 1472 1398 in-

141 1430 434 1481 festissimoque
460 1430 652 1477 intuetur,
681 1430 793 1469 venit
822 1430 863 1468 iu
893 1433 1097 1469 mentem?
1154 1429 1371 1481 Nunquam
1399 1430 1470 1469 tibi

140 1499 277 1552 populi
315 1501 484 1539 Romani
522 1500 697 1540 absentis
734 1500 920 1553 dignitas,
962 1514 1164 1552 nunquam
1203 1501 1350 1552 species
1388 1501 1488 1553 ipsa'

141 1571 303 1611 huiusce
324 1571 595 1610 multitudinis
615 1571 656 1610 in
676 1571 798 1610 0011115
818 1571 1029 1622 animoque
1050 1577 1207 1610 versata
1227 1574 1316 1611 est?
1363 1571 1473 1610 Nun-

141 1655 261 1694 quam
295 1648 334 1681 te
369 1643 413 1681 111
448 1642 591 1681 horum
625 1648 881 1694 conspectum
919 1642 1153 1690 rediturum,
1191 1655 1393 1693 nunquam
1431 1643 1472 1681 in

142 1713 273 1753 forum
303 1713 439 1765 populi
469 1713 638 1752 Romani
668 1719 894 1761 venturum,
926 1726 1131 1765 nunquam
1164 1713 1237 1752 sub
1270 1713 1403 1766 legum
1433 1719 1474 1752 et

143 1783 380 1823 iudiciorum
400 1790 642 1837 potestatem
662 1797 844 1823 casurum
865 1797 949 1823 esse
968 1783 1121 1822 duxisti
1139 1786 1150 1823 ’ἐ

196 1855 255 1893 At
274 1867 374 1906 quae
401 1860 487 1894 erat
511 1855 588 1893 ista
614 1854 738 1894 libido
764 1853 1011 1893 crudelitatis
1037 1853 1308 1893 exercendae?
1365 1854 1474 1902 Quae
1492 1851 1543 1891 56

145 1931 207 1965 tot
233 1925 426 1965 scelerum
455 1919 796 1978 suscipiendorum
825 1928 969 1965 causa?
1026 1925 1158 1973 Nulla,
1184 1925 1344 1974 iudices,
1368 1939 1474 1977 prae-
1495 1939 1549 1969 145

143 2003 205 2037 ter
236 1997 455 2050 praedandi
489 2011 633 2037 novam
667 1997 987 2051 singularemque
1025 1998 1230 2036 rationem.
1289 1997 1395 2036 Nam
1428 2004 1475 2036 ut

142 2067 211 2116 illi,
233 2081 332 2120 quos
351 2068 526 2123 affpoetis
554 2068 786 2120 accepimus,
815 2068 884 2119 qui
913 2068 1022 2106 sinus
1052 2068 1244 2119 quosdam
1274 2068 1474 2107 obsedisse

143 2139 364 2178 maritimos
401 2145 473 2178 aut
510 2139 643 2191 aliqua
680 2139 959 2190 promunturia
1000 2146 1071 2177 aut
1117 2145 1332 2190 praerupta
1378 2153 1474 2178 saxa

143 2211 319 2251 tenuisse
346 2210 545 2260 dicuntur,
576 2217 624 2250 ut
652 2224 728 2259 eos,
761 2211 829 2263 qui
858 2216 990 2250 essent
1017 2210 1173 2262 adpulsi
1208 2211 1387 2264 navigiis,
1419 2211 1474 2250 in-

144 2282 322 2321 terficere
360 2287 532 2333 possent,
573 2282 628 2320 510
665 2281 740 2321 iste
778 2281 819 2320 in
866 2281 998 2320 omnia
1039 2281 1163 2320 maria
1210 2281 1378 2320 infestus
1424 2294 1475 2320 ex

145 2352 329 2392 omnibus
359 2351 515 2391 Siciliae
549 2352 729 2404 partibus
762 2352 1005 2392 imminebat.
1066 2352 1331 2403 Quaecunque
1362 2352 1474 2391 navis

145 2436 195 2463 ex
233 2422 340 2470 Asia,
380 2436 482 2474 quae
520 2436 570 2462 ex
608 2422 736 2475 Syria,
776 2436 877 2474 quae
923 2423 1042 2475 Tyro,
1083 2435 1183 2473 quae
1231 2422 1475 2462 Alexandria
