1700 2729
258 237 303 262 20
556 226 611 260 M.
645 227 684 261 T.
714 226 1005 262 CICERONIS
1029 226 1292 261 ACTJONJS
1461 224 1532 270 [18.
1545 228 1590 262 47

256 332 501 371 maritimum
548 331 692 371 habere
730 330 901 370 fundum
949 336 989 370 et
1025 330 1077 369 ad
1124 331 1277 369 fructus
1321 330 1590 383 deportandos

256 403 476 443 onerariam
514 416 656 442 navem
695 414 930 453 comparare.
990 401 1086 440 Eius
1119 401 1228 441 modi
1265 401 1429 441 voluisti
1461 401 1512 441 de
1546 388 1590 442 vte

255 488 477 515 sermonem
515 487 598 513 esse
637 473 825 521 omnium,
860 472 992 524 palam
1029 478 1076 511 ut
1112 472 1370 524 loquerentur
1402 478 1443 513 te
1479 473 1590 512 illam

255 561 397 586 navem
429 560 578 599 parare,
611 559 711 597 quae
744 544 933 597 praedam
962 558 1012 584 ex
1045 545 1178 584 Sicilia
1207 545 1437 597 deportaret
1465 550 1507 585 et
1538 545 1589 585 ad

199 635 237 663 47
255 632 300 658 ea
320 619 438 666 furta,
461 631 562 669 quae
581 617 817 668 reliquisses,
841 622 1088 655 commearet.
1148 616 1299 656 Verum
1328 617 1424 657 haec
1444 617 1586 665 omnia,

255 689 287 728 si
316 689 432 728 doces
453 701 596 727 navem
625 687 674 726 de
701 692 771 725 tua
800 686 967 738 pecunia
995 686 1254 735 aedificatam,
1277 687 1440 726 remitto
1468 692 1589 739 atque

256 760 436 799 concedo.
497 759 576 798 Sed
596 759 680 806 hoc,
704 758 822 797 homo
842 757 1122 805 amentissime,
1141 771 1221 797 non
1240 758 1439 811 intellegis
1458 759 1590 811 priore

254 833 409 872 actione
445 832 496 871 ab
532 831 620 870 istis
657 830 752 882 ipsis
790 830 1042 869 Mamertinis
1076 830 1156 868 tuis
1194 830 1468 870 laudatoribus
1506 844 1590 871 esse

255 903 486 942 sublatum?
541 901 647 940 Nam
685 901 790 940 dixit
823 900 960 948 Heius,
996 900 1179 952 princeps
1217 901 1332 940 istius
1365 901 1586 954 legationis,

255 988 355 1026 quae
387 973 439 1013 ad
472 979 584 1013 tuam
616 972 888 1011 laudationem
921 971 1040 1010 missa
1075 977 1144 1020 est,
1176 985 1319 1011 navem
1352 972 1427 1011 tibi
1460 973 1589 1025 operis

254 1045 421 1097 publicis
459 1044 793 1083 Mamertinorum
831 1056 914 1082 esse
951 1042 1097 1081 factam
1136 1043 1250 1094 eique
1293 1043 1497 1083 faciendae
1534 1057 1590 1084 se-

254 1122 434 1156 natorem
480 1115 769 1154 Mamertinum
806 1113 962 1165 publice
1008 1114 1235 1166 praefuisse.
1313 1114 1482 1166 Reliqua
1529 1120 1590 1154 est

254 1187 448 1227 materies.
508 1186 624 1225 Hanc
644 1185 818 1239 Reginis,
840 1191 888 1224 ut
906 1185 982 1237 ipsi
1001 1184 1358 1224 dicunt—-tametsi
1378 1191 1424 1224 tu
1443 1199 1588 1238 negare

254 1272 334 1298 non
353 1256 690 1310 potes—publice,
713 1255 821 1307 quod
847 1255 1079 1295 Mamertini
1099 1255 1307 1294 materiem
1326 1268 1406 1294 non
1426 1255 1585 1303 habent,

186 1333 236 1372 19
253 1329 510 1381 imperavisti.
570 1328 613 1367 Si
642 1333 683 1367 et
703 1341 752 1366 ex
773 1340 850 1378 quo
880 1327 926 1365 fit
945 1326 1058 1365 navis
1079 1332 1119 1365 et
1147 1327 1216 1378 qui
1235 1327 1398 1375 faciunt,
1421 1327 1588 1379 imperio

253 1401 327 1440 tibi
365 1406 446 1448 tuo,
483 1413 563 1439 non
600 1399 729 1451 pretio
762 1403 920 1450 praesto
959 1398 1133 1445 fuerunt,
1169 1398 1239 1436 ubi
1277 1398 1441 1437 tandem
1478 1398 1588 1437 istud

253 1472 362 1519 latet,
404 1470 511 1522 quod
549 1476 595 1509 tu
631 1469 681 1508 de
729 1474 799 1508 tua
836 1468 1003 1520 pecunia
1044 1468 1142 1507 dicis
1180 1468 1433 1520 impensum?
1511 1469 1588 1508 ‘At

197 1554 234 1590 48
253 1542 486 1581 Mamertini
504 1541 547 1579 in
566 1540 713 1580 tabulis
733 1540 833 1578 nihil
853 1538 1026 1579 habent.'
1074 1539 1255 1578 Primum
1274 1540 1391 1579 video
1411 1540 1589 1592 potuisse

253 1613 349 1661 fieri,
380 1618 427 1651 ut
460 1626 510 1652 ex
542 1612 693 1651 aerario
722 1610 822 1649 nihil
854 1610 998 1650 darent
1011 1626 1022 1660 3
1051 1611 1199 1650 etenim
1232 1611 1296 1650 vel
1331 1611 1585 1663 Capitolium,

254 1684 357 1723 sicut
393 1683 501 1735 apud
546 1683 714 1722 maiores
753 1687 909 1721 nostros
947 1682 1098 1720 factum
1137 1687 1207 1730 est,
1248 1682 1406 1733 publice
1444 1683 1588 1722 coactis

254 1755 376 1794 fabris
409 1755 617 1806 operisque
650 1753 866 1805 imperatis,
897 1753 1022 1805 gratis
1057 1753 1306 1792 exaedificari
1335 1759 1456 1804 atque
1489 1754 1588 1793 effici

253 1825 409 1878 potuit:
448 1824 593 1864 deinde
626 1823 918 1875 perspicio—id
955 1823 1063 1874 quod
1101 1823 1319 1872 ostendam,
1356 1837 1445 1863 cum
1481 1824 1588 1876 ipsos

253 1896 490 1949 produxero,
505 1895 682 1947 ipsorum
699 1908 748 1933 ex
762 1893 1110 1933 litteris—multas
1126 1894 1312 1945 pecunias
1323 1895 1391 1934 isti
1407 1900 1588 1948 erogatas

254 1968 296 2006 in
325 1980 490 2019 operum
517 1966 732 2005 locationes
761 1965 879 2004 falsas
907 1971 1028 2016 atque
1057 1965 1193 2004 inanes
1223 1979 1307 2004 esse
1335 1966 1584 2018 perscriptas.

256 2039 341 2078 Iam
360 2038 461 2077 illud
483 2037 646 2076 mininie
674 2037 820 2075 mirum
849 2041 920 2083 est,
942 2036 1215 2084 Mamertinos,
1235 2049 1261 2075 a
1289 2050 1368 2088 quo
1387 2051 1587 2076 summum

255 2109 490 2149 beneficium
518 2113 761 2160 acceperant,
787 2120 906 2158 quem
935 2107 1009 2145 sibi
1037 2107 1264 2146 amiciorem
1292 2121 1412 2158 quam
1439 2108 1588 2160 populo

256 2181 436 2220 Romano
452 2193 535 2219 esse
555 2184 834 2232 cognoverant,
853 2178 936 2217 eius
957 2178 1076 2230 capiti
1092 2177 1237 2217 litteris
1257 2178 1338 2217 suis
1353 2180 1583 2230 pepercisse.

256 2252 336 2291 Sed
382 2252 415 2290 si
452 2255 688 2303 argumento
736 2254 796 2288 est
842 2249 1103 2288 Mamertinos
1141 2249 1216 2288 tibi
1261 2250 1470 2301 pecuniam
1507 2264 1587 2290 non

255 2324 422 2371 dedisse,
463 2322 556 2374 quia
593 2322 785 2373 scriptum
822 2334 902 2360 non
940 2321 1099 2368 habent,
1140 2320 1193 2359 sit
1229 2327 1466 2374 argumento
1511 2321 1587 2361 tibi

255 2395 380 2449 gratis
413 2400 518 2433 stare
551 2407 704 2441 navem,
741 2393 843 2444 quia,
880 2392 977 2444 quid
1015 2392 1156 2432 emeris
1194 2397 1266 2431 aut
1298 2392 1395 2444 quid
1432 2392 1583 2442 locaris,

256 2466 447 2517 scriptum
466 2465 643 2517 proferre
663 2477 742 2502 non
762 2469 884 2515 potes.
