1700 2729
219 231 260 256 10
513 222 568 256 M.
604 222 641 256 T.
673 222 964 257 CICERONIS
988 222 1254 257 ACTJONJS
1440 221 1486 268 [9.
1504 225 1548 258 23

214 340 333 377 quam
363 327 412 365 ob
441 340 525 366 rem
554 326 678 365 fasces
707 326 956 378 praetoribus
985 327 1272 378 praeferantur,
1295 341 1364 366 cur
1393 340 1548 367 secures

213 397 341 446 datae,
382 411 451 436 cur
489 411 620 437 carcer
657 397 898 445 aedificatus,
940 411 1008 436 cur
1047 403 1109 436 tot
1147 397 1338 450 supplicia
1383 398 1464 437 sint
1506 398 1546 437 in

212 468 412 520 improbos
450 481 559 507 more
597 468 792 507 maiorum
830 467 1058 507 constituta.
1137 467 1246 517 Quae
1288 481 1378 507 cum
1415 468 1548 507 omnia

211 539 389 592 graviter
432 552 647 590 severeque
693 538 852 586 dixerit,
893 551 1081 589 quaeram
1128 551 1197 577 cur
1234 538 1338 577 hunc
1376 538 1548 578 eundem

211 608 472 660 Apollonium
504 608 650 647 Verres
683 608 790 647 idem
827 614 1002 660 repente,
1040 608 1149 646 nulla
1187 622 1229 648 re
1260 622 1364 648 nova
1400 608 1545 656 adlata,

212 679 321 717 nulla
359 678 600 726 defensione,
637 679 721 718 sine
759 692 876 717 causa
914 679 964 717 de
1003 692 1156 718 carcere
1195 679 1326 718 emitti
1363 679 1546 719 iusserit:

212 755 451 801 tantumque
480 750 522 788 in
551 749 624 788 hoc
654 749 817 788 crimine
847 749 1080 801 suspicionis
1120 763 1202 789 esse
1240 749 1470 798 adfirmabo,
1500 755 1549 789 ut

212 821 290 859 iam
320 821 415 872 ipsis
446 820 643 859 iudicibus
675 820 759 859 sine
790 833 877 859 mea
903 820 1250 872 argumentatione
1281 820 1548 860 coniecturam

212 892 340 930 facere
360 891 602 942 permittam,
626 890 732 942 quod
759 890 832 929 hoc
861 904 986 943 genus
1015 891 1244 942 praedandi,
1267 905 1387 942 quam
1406 891 1548 944 impro-

213 963 319 1010 bum,
343 975 462 1013 quam
482 962 693 1015 indignum
712 975 911 1013 quamque
931 961 982 1000 ad
1011 961 1330 1014 magnitudinem
1359 968 1548 1013 quaestus

158 1052 195 1082 23
213 1033 451 1072 immensum
470 1032 753 1084 infinitumque
773 1046 856 1071 esse
883 1032 1077 1071 videatur.
1138 1032 1244 1071 Nam
1273 1046 1373 1084 quae
1401 1033 1478 1072 iste
1506 1034 1548 1072 in

211 1103 426 1156 Apollonio
464 1104 569 1151 fecit,
602 1117 647 1142 ea
675 1103 849 1155 primum
878 1103 1054 1142 breviter
1081 1103 1350 1156 recognoscite
1379 1109 1478 1155 quot
1507 1110 1548 1143 et

211 1180 361 1226 quanta
407 1175 488 1213 sint
504 1190 515 1224 3
570 1174 715 1213 deinde
763 1174 858 1214 haec
906 1174 1120 1226 expendite
1167 1180 1288 1226 atque
1338 1175 1546 1214 aestimate

210 1247 400 1299 pecunia:
430 1247 636 1298 reperietis
665 1246 810 1285 idcirco
839 1246 936 1285 haee
965 1247 1006 1284 in
1035 1260 1115 1285 uno
1144 1246 1304 1285 homine
1333 1247 1546 1298 pecimioso

211 1325 273 1358 tot
288 1318 516 1365 constituta,
534 1324 580 1356 ut
596 1318 736 1357 ceteris
752 1317 985 1356 formidines
1001 1317 1189 1356 similium
1204 1316 1546 1356 incommodorum

210 1396 331 1441 atque
361 1389 543 1440 exempla
570 1389 837 1440 periculorum
865 1394 1116 1440 proponeret.
1176 1388 1357 1427 Primum
1385 1388 1546 1427 insimu-

210 1460 307 1499 latio
355 1466 415 1499 est
461 1460 669 1512 repentina
717 1459 896 1512 capitalis
943 1465 1065 1511 atque
1111 1459 1300 1498 invidiosi
1347 1459 1544 1499 criminis:

211 1531 388 1579 statuite,
425 1531 565 1582 quanti
598 1531 672 1570 hoc
705 1531 857 1583 putetis
892 1537 932 1570 et
965 1544 1084 1582 quam
1123 1530 1271 1569 multos
1308 1530 1522 1570 redemisse
1535 1546 1547 1580 3

210 1603 356 1642 deinde
394 1603 543 1642 crimen
581 1603 665 1642 sine
712 1608 950 1651 accusatore,
991 1602 1191 1641 sententia
1238 1602 1322 1642 sine
1369 1602 1544 1650 consilio,

210 1674 415 1713 damnatio
466 1674 550 1712 sine
601 1673 857 1713 defensione:
915 1673 1125 1712 aestimate
1175 1673 1318 1712 harum
1367 1673 1547 1712 omnium

210 1758 343 1784 rerum
363 1745 492 1796 pretia
513 1750 553 1783 et
572 1744 745 1797 cogitate
765 1744 807 1782 in
826 1744 888 1783 his
911 1744 1192 1795 iniquitatibus
1221 1757 1347 1782 unum
1375 1744 1547 1784 haesisse

209 1815 480 1866 Apollonium,
512 1819 673 1862 ceteros,
705 1814 884 1866 profecto
917 1814 1076 1862 multos,
1109 1828 1159 1853 ex
1192 1814 1253 1853 his
1285 1814 1546 1855 incommodis

209 1885 377 1938 pecunia
415 1898 456 1924 se
493 1884 680 1924 liberasse
694 1900 705 1934 3
742 1890 944 1937 postremo
982 1885 1182 1933 tenebrae,
1222 1884 1363 1933 vincla,
1403 1899 1544 1935 carcer,

210 1956 407 1995 inclusum
454 1955 693 2008 supplicium
739 1962 860 2007 atque
907 1970 930 1994 a
978 1961 1192 2008 conspectu
1237 1956 1466 2008 parentium
1501 1971 1547 1997 ac

210 2028 390 2075 liberum,
422 2027 593 2078 denique
627 2041 649 2066 a
683 2027 807 2066 libero
842 2027 985 2079 spiritu
1018 2032 1139 2078 atque
1171 2041 1195 2066 a
1227 2028 1428 2066 communi
1460 2027 1547 2068 luce

210 2099 428 2138 seclusum:
468 2098 563 2138 haec
591 2112 696 2146 vero,
729 2112 829 2150 quae
858 2098 921 2138 vel
949 2099 1034 2138 vita
1061 2098 1203 2138 redimi
1232 2104 1339 2138 recte
1365 2105 1544 2151 possunt,

153 2194 192 2221 24
210 2171 420 2210 aestimare
452 2170 620 2222 pecunia
654 2183 734 2208 11011
768 2183 880 2221 queo.
952 2169 1062 2208 Haec
1097 2170 1229 2208 omnia
1260 2183 1347 2209 sero
1376 2170 1548 2210 redemit

210 2240 460 2293 Apollonius,
491 2241 571 2279 iam
609 2253 786 2279 maerore
820 2254 863 2278 ac
893 2240 1061 2279 miseriis
1089 2239 1282 2292 perditus,
1314 2239 1384 2279 sed
1413 2246 1547 2280 tamen

212 2319 361 2351 ceteros
395 2311 532 2350 docuit
564 2316 657 2350 ante
691 2311 805 2349 istius
839 2310 1031 2349 avaritiae
1069 2310 1284 2361 scelerique
1317 2324 1545 2351 occurrere:

213 2383 287 2422 nisi
307 2396 402 2422 vero
423 2382 660 2421 existimatis
690 2382 892 2421 hominem
920 2381 1290 2434 pecuniosissimum
1317 2381 1402 2421 sine
1430 2395 1547 2421 causa

213 2460 400 2504 quaestus
421 2453 591 2492 electum
611 2452 662 2491 ad
683 2459 765 2491 tam
785 2452 1016 2492 incredibile
1038 2452 1197 2500 crimen,
1214 2457 1285 2491 aut
1305 2452 1388 2492 sine
1408 2452 1546 2493 eadem
