1700 2729
158 530 213 583 '35

175 628 211 656 91

173 1271 210 1298 92

169 2056 207 2084 93

234 230 277 274 38
530 232 587 266 M.
621 232 659 266 T.
689 231 981 267 CICERONIS
1003 232 1268 268 ACTIONJS
1433 231 1504 279 [35.
1518 235 1560 269 91

232 334 310 374 illis
330 335 596 387 praedonibus
616 335 830 375 Locrenses
859 343 996 388 postca
1024 336 1180 388 publice
1206 336 1486 386 redemerunt,
1515 351 1565 377 ex

233 419 312 457 quo
349 420 419 444 vos
457 407 587 458 priore
629 407 784 445 actione
827 407 957 445 iurato
999 420 1082 446 rem
1127 420 1285 446 omnem
1327 421 1564 460 causamque

232 477 441 529 cognostis.
518 476 675 515 Deinde
717 476 1012 528 Apolloniensis
1060 477 1172 515 navis
1211 478 1365 529 capitur
1402 484 1444 517 et
1481 478 1564 517 eius

231 547 455 599 praefectus
492 547 771 599 Anthropinus
809 547 1011 586 occiditur.
1095 548 1205 587 Haec
1242 548 1339 587 dum
1376 555 1562 602 aguntur,

231 618 384 657 interea
405 617 636 657 Cleomenes
656 618 735 656 iam
755 618 805 656 ad
830 618 970 657 Helori
994 618 1089 657 litus
1112 625 1359 670 pervenerat,
1381 619 1460 658 iam
1480 633 1564 660 sese

231 689 273 727 in
293 695 441 728 terram
465 702 485 728 e
515 689 607 728 navi
637 689 805 728 eiecerat
833 688 1204 740 quadrirememque
1234 690 1495 729 fluctuantem
1522 691 1563 729 in

232 759 314 799 salo
339 759 565 811 reliquerat.
625 760 785 811 Reliqui
813 760 1004 811 praefecti
1033 760 1206 808 navium,
1229 774 1318 799 cum
1345 761 1388 800 in
1416 766 1564 801 terram

231 831 448 883 imperator
476 831 633 879 exisset,
666 845 755 870 cum
782 831 858 882 ipsi
892 844 1020 882 neque
1052 844 1275 884 repugnare
1303 845 1432 883 neque
1464 833 1564 871 mari

232 903 405 955 effugere
433 902 516 941 ullo
544 902 663 941 modo
692 908 864 954 possent,
887 902 1063 954 adpulsis
1092 902 1143 941 ad
1172 902 1368 942 Helorum
1396 903 1564 942 navibus

232 971 485 1011 Cleomenem
505 973 702 1024 persecuti
719 978 822 1011 sunt.
873 973 976 1011 Tum
995 972 1242 1024 praedonum
1257 973 1342 1011 dux
1356 972 1561 1022 Heracleo,

230 1049 404 1095 repente,
436 1049 594 1095 praeter
622 1057 743 1095 spem,
766 1057 846 1082 non
874 1057 945 1082 sua
973 1044 1125 1082 virtute
1154 1043 1224 1082 sed
1252 1044 1367 1082 istius
1395 1044 1564 1083 avaritia

231 1115 488 1166 nequitiaque
518 1115 656 1163 victor,
691 1115 853 1153 classem
883 1114 1191 1166 pulcherrimam
1223 1114 1361 1166 populi
1394 1115 1563 1154 Romani

229 1186 271 1224 in
290 1185 386 1224 litus
408 1185 613 1237 expulsam
635 1192 675 1224 et
696 1186 871 1233 eiectam,
895 1199 984 1224 cum
1012 1186 1186 1237 primum
1215 1186 1560 1237 invesperasceret,

228 1257 465 1295 inflammari
498 1256 736 1308 incendique
773 1257 898 1295 iussit.
960 1256 993 1296 O
1028 1262 1186 1308 tempus
1219 1257 1408 1296 miserum
1442 1263 1563 1308 atque

228 1327 413 1365 acerbum
442 1327 668 1378 provinciae
698 1326 877 1366 Siciliae!
935 1326 969 1365 O
995 1340 1128 1365 casum
1151 1326 1265 1364 illum
1288 1326 1425 1365 multis
1454 1327 1563 1366 inno-

229 1399 408 1438 centibus
429 1398 702 1437 calamitosum
722 1404 843 1449 atque
863 1398 1067 1437 funestum
1085 1402 1091 1437 ἶ
1149 1397 1182 1437 O
1203 1398 1318 1437 istius
1342 1398 1563 1449 nequitiam

227 1483 271 1508 ac
292 1469 586 1521 turpitudinem
610 1469 875 1522 singularem!
932 1469 1026 1508 Una
1054 1475 1175 1520 atque
1196 1469 1334 1508 eadem
1363 1483 1445 1508 nox
1465 1475 1560 1518 erat,

228 1555 306 1592 qua
356 1546 517 1592 praetor
562 1541 708 1579 amoris
759 1540 980 1592 turpissimi
1027 1541 1196 1588 flamma,
1248 1540 1380 1579 classis
1426 1540 1564 1593 populi

229 1611 398 1650 Romani
418 1610 665 1662 praedonum
684 1610 868 1649 incendio
889 1611 1168 1663 conflagrabat.
1226 1610 1425 1649 Adfertur
1447 1616 1564 1650 nocte

226 1683 467 1734 intempesta
486 1683 619 1736 gravis
639 1683 802 1721 huiusce
821 1682 915 1721 mali
936 1683 1101 1721 nuntius
1121 1682 1337 1735 Syracusas
1351 1698 1362 1731 3
1391 1683 1564 1722 curritur

227 1754 278 1792 ad
310 1754 565 1805 praetorium,
602 1767 681 1805 quo
714 1754 837 1792 istum
871 1767 921 1792 ex
953 1753 1022 1792 illo
1054 1753 1258 1805 praeclaro
1291 1753 1474 1792 convivio
1507 1767 1564 1792 re-

227 1824 429 1863 duxerant
446 1824 581 1876 paullo
600 1831 694 1863 ante
713 1824 899 1863 mulieres
920 1838 1009 1863 cum
1029 1830 1150 1863 cantu
1170 1830 1291 1875 atque
1312 1823 1560 1876 symphonia.

227 1895 470 1943 Cleomenes,
493 1909 733 1947 quamquam
754 1909 835 1935 nox
855 1902 950 1943 erat,
974 1902 1108 1934 tamen
1131 1896 1173 1933 in
1196 1895 1355 1947 publico
1375 1908 1458 1934 esse
1482 1909 1563 1934 non

225 1966 364 2005 audet:
385 1965 556 2004 includit
576 1979 616 2004 se
636 1966 942 2017 domi,—-neque
958 1966 1097 2004 aderat
1116 1979 1229 2014 uxor,
1248 1979 1348 2017 quae
1369 1965 1562 2005 consolari

225 2037 427 2076 hominem
446 2038 488 2075 in
508 2037 622 2075 malis
648 2043 791 2089 posset.
851 2037 984 2076 Huius
1012 2044 1148 2076 autem
1176 2036 1368 2089 praeclari
1396 2037 1562 2089 impera-

225 2108 323 2148 toris
342 2109 399 2147 ita
420 2114 505 2147 erat
535 2121 671 2147 severa
699 2108 808 2147 domi
837 2108 1054 2160 disciplina,
1077 2114 1124 2147 ut
1144 2109 1185 2146 in
1205 2122 1247 2147 re
1267 2114 1381 2147 tanta
1410 2114 1451 2148 et
1478 2114 1561 2147 tam

225 2180 338 2233 gravi
371 2180 513 2218 nuntio
542 2193 659 2218 nemo
692 2180 986 2227 admitteretur,
1018 2193 1134 2218 nemo
1165 2185 1269 2219 esset
1297 2180 1366 2231 qui
1394 2179 1562 2219 auderet

224 2257 296 2288 aut
315 2249 581 2288 dormientem
605 2250 778 2288 excitare
801 2256 872 2288 aut
894 2249 1149 2302 interpellare
1169 2250 1414 2303 vigilantem.
1475 2250 1561 2288 Iam

225 2334 320 2359 vero
340 2334 382 2359 re
402 2320 452 2359 ab
472 2320 656 2359 omnibus
680 2321 838 2372 cognita
868 2321 1127 2359 concursabat
1155 2321 1252 2360 urbe
1273 2326 1359 2359 tota
1387 2320 1561 2359 maxima

225 2390 444 2429 multitudo
458 2406 468 2439 ,-
497 2404 577 2429 non
598 2391 714 2438 enim,
738 2391 840 2429 sicut
861 2397 946 2429 erat
973 2397 1091 2430 antea
1121 2404 1276 2442 semper
1302 2391 1558 2439 consuetudo,

225 2461 471 2512 praedonum
491 2462 710 2500 adventum
734 2462 983 2514 significabat
1011 2462 1115 2514 ignis
1145 2475 1165 2500 e
1195 2461 1352 2513 specula
1380 2461 1560 2500 sublatus
