1700 2729
199 240 242 272 42
497 231 553 264 M.
588 232 624 264 Τ,
657 230 947 266 CICERONIS
969 230 1233 265 ACTJONJS
1380 227 1533 274 [39.102

201 335 368 386 quisque
383 348 483 374 nave
502 335 642 373 missos
657 335 776 373 sciret
790 348 883 373 esse.
934 334 1011 373 Res
1028 342 1113 373 erat
1128 334 1241 381 clara,
1260 347 1387 385 neque
1407 333 1535 373 solum

201 407 446 459 argumentis
462 406 531 445 sed
547 406 667 445 etiam
684 406 800 445 certis
816 405 986 444 testibus
1001 405 1116 444 istius
1131 405 1296 444 audacia
1311 405 1532 444 tenebatur.

131 472 183 519 39
202 476 335 515 Homo
356 477 499 515 certior
518 477 564 515 fit
583 477 648 528 agi
678 476 775 514 nihil
804 476 846 513 in
867 475 952 514 foro
974 481 1014 514 et
1034 481 1233 514 conventu
1261 482 1348 515 toto
1367 475 1432 514 die
1461 475 1536 514 nisi

202 548 276 586 hoc
291 563 300 596 3
343 548 479 598 quaeri
519 561 568 586 ex
606 547 825 595 nauarchis,
867 560 985 598 quem
1023 547 1074 585 ad
1112 547 1275 585 modum
1314 547 1447 586 classis
1486 547 1538 585 sit

202 618 345 656 amissa
361 633 370 666 3
398 618 486 656 illos
506 617 746 669 respondere
766 623 807 657 ct
826 617 966 656 docere
986 631 1111 656 unum
1127 631 1335 668 quemque,
1352 618 1538 656 missione

204 689 410 741 remigum,
429 689 533 728 fame
549 688 803 740 reliquorum,
820 688 1044 728 Cleomenis
1060 688 1202 727 timore
1219 694 1259 727 et
1271 688 1376 741 fuga.
1423 688 1538 737 Quod

204 764 341 811 postea
373 772 492 810 quam
525 759 600 798 iste
631 758 829 811 cognovit,
862 758 963 797 hanc
993 759 1189 797 rationem
1222 759 1367 798 habere
1397 759 1536 810 coepit.

205 830 376 870 Causam
407 830 481 868 sibi
510 829 719 869 dicendam
749 842 832 868 esse
861 835 1058 868 statuerat
1086 829 1164 867 iam
1193 835 1286 868 ante
1315 843 1434 881 quam
1467 830 1541 868 hoc

205 915 280 940 usu
317 901 439 949 venit,
479 901 537 939 ita
573 907 621 939 ut
658 901 789 952 ipsum
831 901 962 952 priore
999 901 1155 940 actione
1192 901 1323 939 dicere
1360 900 1538 940 audistis.

206 972 381 1011 Videbat
396 971 473 1010 illis
494 972 702 1010 nauarchis
723 971 893 1010 testibus
914 977 1073 1010 tantum
1093 971 1167 1011 hoc
1183 972 1331 1011 crimen
1347 972 1541 1011 sustinere

206 1056 246 1082 se
285 1042 394 1081 nullo
432 1042 551 1081 modo
588 1055 712 1094 posse.
791 1042 1012 1081 Consilium
1051 1042 1156 1094 capit
1192 1043 1320 1094 primo
1359 1042 1539 1089 stultum,

133 1127 187 1147 102
206 1127 345 1153 verum
383 1119 517 1152 tamen
551 1113 731 1153 clemens
805 1112 1037 1152 Nauarchos
1075 1113 1126 1152 ad
1164 1127 1204 1152 se
1238 1113 1370 1152 vocari
1407 1113 1519 1152 iubet
1533 1129 1543 1161 3

207 1185 396 1224 veniunt:
444 1190 603 1223 accusat
641 1197 717 1232 eos,
759 1183 866 1235 quod
909 1184 992 1222 eius
1030 1183 1138 1223 modi
1176 1184 1226 1223 de
1264 1198 1305 1223 se
1343 1197 1543 1223 sermones

206 1256 420 1295 habuerint
434 1271 444 1305 3
477 1261 603 1308 rogat,
625 1262 672 1294 ut
700 1256 741 1293 in
771 1269 841 1294 sua
861 1256 1028 1306 quisque
1057 1255 1165 1294 dicat
1193 1255 1285 1294 navi
1315 1268 1355 1294 se
1384 1261 1542 1294 tantum

206 1327 390 1365 habuisse
420 1331 633 1365 nautarum
662 1331 858 1377 quantum
887 1325 1120 1377 oportuerit,
1151 1338 1280 1376 neque
1304 1338 1543 1376 quemquam

207 1411 290 1436 esse
319 1397 537 1436 dimissum.
598 1397 662 1435 Illi
692 1397 798 1436 enim
817 1410 912 1436 vero
942 1410 982 1435 se
1012 1396 1241 1444 ostendunt,
1274 1396 1382 1448 quod
1409 1396 1542 1444 vellet,

208 1481 291 1507 esse
334 1468 518 1506 facturos.
606 1467 687 1506 Iste
731 1481 810 1506 non
853 1467 1142 1519 procrastinat3
1189 1467 1358 1506 advocat
1399 1467 1544 1505 amicos

208 1540 345 1578 statim
360 1555 370 1588 3
413 1539 570 1590 quaerit
601 1552 650 1577 ex
683 1538 760 1577 illis
796 1538 1040 1591 singillatim,
1074 1544 1173 1590 quot
1204 1539 1370 1589 quisque
1404 1543 1545 1577 nautas

209 1610 394 1649 habuerit
407 1626 417 1659 3
459 1609 674 1662 respondet
711 1623 814 1648 unus
853 1609 1030 1660 quisque,
1071 1614 1118 1647 ut
1156 1614 1241 1648 erat
1277 1613 1542 1660 praeceptum.

210 1681 291 1720 Iste
320 1681 362 1719 in
382 1680 537 1719 tabulas
557 1680 681 1719 refert
695 1696 705 1729 3
735 1680 919 1733 obsignat
939 1680 1061 1733 signis
1087 1680 1304 1719 amicorum
1332 1678 1546 1732 providens

210 1752 338 1800 homo,
374 1757 422 1790 ut
454 1757 591 1790 contra
630 1751 703 1790 hoc
737 1751 896 1799 crimen,
934 1752 965 1789 si
1000 1750 1159 1802 quando
1193 1764 1292 1802 opus
1326 1755 1438 1797 esset,
1475 1749 1547 1788 hac

136 1836 191 1865 103
209 1822 397 1861 videlicet
448 1822 728 1861 testificatione
779 1827 970 1860 uteretur.
1057 1821 1244 1860 Derisum
1296 1834 1379 1859 csse
1431 1820 1547 1859 credo

210 1893 412 1931 hominem
431 1898 631 1931 amentem
651 1906 673 1930 a
694 1892 773 1930 suis
795 1892 1026 1931 consiliariis
1047 1898 1088 1931 et
1106 1892 1357 1931 admonitum
1377 1892 1492 1930 hasce
1513 1892 1547 1930 ei

211 1964 367 2002 tabulas
401 1963 500 2002 nihil
538 1964 768 2015 profuturas
783 1979 792 2011 3
837 1963 956 2002 etiam
994 1963 1082 2014 plus
1117 1977 1166 2002 ex
1200 1963 1321 2001 nimia
1353 1963 1548 2015 praetoris

211 2035 420 2088 diligentia
441 2035 674 2086 suspicionis
695 2035 736 2072 in
757 2047 802 2073 eo
823 2035 985 2073 crimine
1006 2034 1198 2073 futurum.
1259 2034 1345 2073 Iam
1367 2034 1443 2073 iste
1463 2041 1549 2073 erat

211 2105 283 2144 hac
313 2105 486 2144 stultitia
515 2105 652 2143 multis
673 2105 714 2143 in
734 2105 850 2144 rebus
876 2118 982 2152 usus,
1005 2111 1052 2143 ut
1080 2105 1236 2156 publice
1257 2117 1425 2156 quoque,
1448 2117 1548 2156 quae

211 2177 343 2225 vellet,
365 2177 407 2214 in
436 2176 581 2215 litteris
603 2176 811 2214 civitatum
839 2182 879 2215 et
899 2176 985 2215 tolli
1013 2183 1053 2215 et
1072 2176 1211 2215 referri
1239 2176 1418 2215 iuberet:
1448 2188 1548 2226 quae

212 2248 345 2286 onmia
365 2261 470 2286 nunc
489 2239 689 2299 intellegit
709 2247 783 2286 sibi
804 2247 903 2285 nihil
923 2247 1120 2298 prodesse,
1138 2253 1276 2298 postea
1291 2260 1411 2298 quam
1431 2246 1548 2285 certis

142 2323 193 2361 40
212 2318 368 2366 litteris,
406 2318 575 2357 testibus
609 2318 994 2368 auctoritatibusque
1029 2317 1287 2356 convincitur.
1360 2317 1443 2356 Ubi
1475 2316 1548 2355 hoc

213 2389 335 2437 videt,
363 2389 523 2428 illorum
553 2388 849 2437 confessionem,
882 2389 1202 2427 testificationem
1231 2402 1353 2435 suam,
1385 2387 1550 2426 tabellas

214 2460 289 2498 sibi
318 2459 427 2498 nullo
456 2459 688 2498 adiumento
718 2459 884 2507 futuras,
916 2460 993 2497 init
1022 2459 1240 2507 consilium,
1272 2472 1351 2498 non
1379 2458 1550 2510 improbi
