1700 2729
128 465 180 492 141

137 1399 192 1427 142

148 2303 200 2342 55

145 2382 200 2410 143

204 208 244 250 58
500 207 554 242 M.
589 208 626 241 T.
658 206 950 243 CICERONIS
974 207 1238 243 ACTJONIS
1380 206 1530 253 [54.141

203 325 318 350 nemo
351 312 392 350 111
426 312 559 351 »Sicilia
593 313 690 363 quin
722 312 905 351 audierit.
965 312 1098 364 Plagis
1133 312 1357 351 confectum
1389 311 1478 352 dico
1511 325 1535 351 a

201 381 407 422 lictoribus
427 383 507 422 tuis
528 383 654 422 civem
674 383 899 422 Romanum
919 389 1012 422 ante
1033 382 1165 422 oculos
1186 389 1276 422 tuos
1306 382 1531 422 concidisse.

203 453 261 492 At
279 467 399 505 quam
419 454 470 493 ob
489 467 657 501 causam,
681 453 722 492 di
741 453 985 493 immortales
1002 458 1008 493 Ζ
1039 453 1198 493 tametsi
1219 453 1405 492 iniuriam
1433 453 1534 493 facio

203 525 402 564 communi
436 538 575 564 causae
595 531 636 564 et
659 525 735 563 iuri
771 525 966 564 civitatis:
1010 525 1122 576 quasi
1157 525 1263 564 enim
1295 524 1378 564 ulla
1410 524 1537 576 possit

204 609 287 635 csse
316 609 442 643 causa,
466 609 535 634 cur
554 596 627 634 hoc
661 596 845 647 cuiquam
867 596 942 634 civi
976 595 1155 635 Romano
1175 596 1260 634 iure
1294 595 1457 643 accidat,
1479 595 1537 634 ita

204 681 362 718 quaero,
391 680 492 718 quae
525 667 567 705 in
601 666 770 706 Servilio
805 680 921 706 causa
954 667 1086 706 fuerit.
1159 666 1358 719 Ignoscite
1388 666 1430 705 in
1462 666 1536 705 hoc

203 751 294 786 uno,
339 737 513 787 iudices,-
559 737 601 775 in
635 737 775 776 ceteris
809 738 915 776 enim
949 751 1029 777 non
1071 750 1216 790 magno
1250 750 1368 789 opere
1401 750 1538 776 causas

205 809 414 860 requiram.
459 808 636 848 Locutus
657 814 743 847 erat
762 808 924 848 liberius
940 808 990 847 de
1009 808 1125 847 istius
1140 808 1398 860 improbitate
1417 813 1538 859 atque

206 880 394 932 nequitia.
455 879 571 928 Quod
604 879 671 918 isti
705 879 823 918 simul
856 893 900 918 ac
933 879 1209 918 renuntiatum
1244 884 1314 927 est,
1337 878 1539 918 hominem

206 952 319 990 iubet
351 950 588 1003 Lilybaeum
621 950 897 990 vadimonium
930 950 1104 990 Venerio
1138 964 1252 990 servo
1280 950 1537 1002 promittere:

207 1022 408 1074 promittit
422 1038 432 1071 3
465 1021 702 1074 Lilybaeum
736 1021 906 1060 venitur.
966 1020 1118 1074 Cogere
1153 1035 1244 1060 eum
1273 1021 1413 1072 coepit,
1450 1033 1540 1060 cum

207 1100 344 1147 ageret
363 1107 490 1142 nemo,
509 1107 625 1133 nemo
645 1093 867 1145 postularet
887 1093 1140 1145 sponsionem
1160 1093 1315 1132 milium
1331 1106 1540 1131 nummum

208 1166 336 1204 facere
369 1179 459 1204 cum
506 1165 644 1203 lictore
687 1178 768 1212 suo,
816 1165 855 1202 ni
893 1164 1013 1214 furtis
1050 1167 1237 1215 quaestum
1275 1164 1439 1214 faeeret3
1484 1176 1541 1202 re-

209 1243 460 1289 cuperatores
485 1250 525 1275 se
554 1236 603 1275 de
624 1236 786 1275 cohorte
815 1249 885 1274 sua
905 1235 1063 1274 dicebat
1091 1235 1290 1274 datm'um.
1350 1234 1542 1274 Servilius

210 1314 251 1348 et
288 1321 467 1347 recusare
502 1313 543 1346 et
575 1307 788 1358 deprecari,
825 1320 874 1345 ne
907 1307 1054 1358 iniquis
1092 1306 1298 1354 iudicibus,
1335 1305 1444 1345 nullo
1477 1304 1543 1344 ad-

210 1379 395 1426 versario,
417 1378 609 1417 iudicium
630 1378 770 1429 capitis
790 1378 831 1415 in
866 1391 906 1416 se
927 1377 1248 1416 constitueretur.
1309 1377 1419 1415 Haec
1453 1389 1543 1414 cum

211 1450 384 1488 maxime
412 1449 653 1500 loqueretur,
677 1462 747 1487 sex
774 1448 933 1486 lictores
954 1447 1253 1486 circumsistunt
1281 1445 1543 1485 valentissimi

211 1527 251 1560 ct
284 1520 335 1559 ad
368 1519 583 1572 pulsandos
616 1518 963 1570 verberandosque
984 1518 1164 1557 homines
1200 1517 1520 1557 exercitatissimi
1534 1532 1545 1566 3

211 1591 384 1630 caedunt
403 1591 591 1630 acerrime
620 1590 743 1642 virgis
758 1605 768 1639 3
810 1589 983 1640 denique
1012 1589 1218 1640 proximus
1238 1588 1364 1636 lictor,
1386 1587 1436 1626 de
1465 1600 1545 1639 quo

211 1663 290 1701 iam
328 1675 444 1714 saepe
482 1661 577 1708 dixi,
619 1661 791 1708 Sextius,
829 1673 1018 1699 converso
1056 1659 1197 1698 bacillo
1231 1659 1364 1698 oculos
1401 1658 1545 1698 misero

214 1733 382 1772 tundere
394 1732 743 1772 vehementissime
764 1732 903 1783 coepit.
955 1731 1097 1782 Itaque
1116 1730 1194 1779 ille,
1217 1744 1306 1769 cum
1322 1729 1482 1782 sanguis
1502 1742 1546 1768 os

213 1804 426 1855 oculosque
443 1803 687 1855 complesset,
706 1802 878 1841 concidit
892 1818 903 1851 3
932 1816 1022 1840 cum
1041 1801 1098 1840 illi
1115 1801 1240 1841 nihilo
1255 1801 1386 1840 minus
1401 1800 1546 1840 iacenti

213 1876 338 1914 latera
358 1875 586 1921 tunderent,
607 1880 655 1912 ut
673 1873 888 1925 aliquando
908 1873 1103 1924 spondere
1123 1886 1163 1911 se
1178 1872 1338 1911 diceret.
1397 1871 1462 1911 Sic
1480 1870 1548 1910 ille

214 1947 405 1995 adfectus,
427 1946 535 1984 illinc
570 1951 657 1984 tum
690 1958 762 1996 pro
783 1950 942 1984 mortuo
978 1943 1169 1992 sublatus,
1192 1943 1375 1995 perbrevi
1409 1947 1548 1994 postea

216 2024 277 2058 est
309 2023 501 2057 mortuus.
575 2017 657 2056 Iste
686 2022 821 2055 autem
842 2016 960 2055 homo
994 2015 1201 2063 Venerius,
1223 2014 1402 2054 adfluens
1440 2013 1549 2053 omni

215 2090 348 2141 lepore
368 2103 412 2128 ac
431 2094 653 2136 venustate,
683 2087 733 2126 de
762 2087 877 2126 bonis
906 2087 1012 2125 illius
1032 2087 1073 2125 in
1093 2086 1191 2125 aede
1212 2085 1380 2125 Veneris
1412 2098 1549 2137 argen-

217 2167 328 2200 teum
366 2159 606 2211 Cupidinem
652 2158 796 2210 posuit.
875 2158 939 2197 Sic
977 2157 1099 2196 etiam
1127 2156 1300 2196 fortunis
1342 2155 1549 2195 hominum

216 2232 458 2271 abutebatur
477 2230 529 2269 ad
548 2235 742 2268 nocturna
762 2234 856 2267 vota
877 2228 1144 2280 cupiditatum
1165 2240 1336 2266 suarum.

271 2301 378 2340 Nam
403 2300 501 2352 quid
530 2313 603 2352 ego
629 2299 678 2338 de
705 2299 845 2338 ceteris
872 2299 1018 2337 civium
1048 2298 1319 2337 Romanorum
1348 2296 1551 2349 suppliciis

218 2373 450 2427 singillatim
476 2371 610 2423 potius
637 2383 757 2421 quam
783 2370 1006 2422 generatim
1031 2376 1152 2420 atque
1178 2369 1363 2407 universe
1382 2367 1551 2419 loquar‘l

218 2445 361 2484 Carecr
380 2443 456 2490 ille,
480 2442 547 2493 qui
576 2447 636 2481 est
661 2455 683 2480 a
710 2440 981 2480 crudelissimo
1009 2446 1182 2493 tyranno
1207 2439 1402 2492 Dionysio
1422 2438 1551 2477 factus
