1674 2729
132 197 287 245 42.11o]
313 199 380 234 IN
403 199 591 234 GAJUM
623 199 853 234 VERREM
876 201 1180 236 SECUNDAE
1209 204 1306 237 l.ll›'.
1336 204 1370 238 1'.
1426 213 1465 248 ⁴3

133 302 368 351 defendunt,
404 303 661 355 proclamant,
699 303 815 342 fidem
857 312 977 352 tuam,
1014 319 1114 356 qnae
1155 319 1346 356 nus-quani
1383 316 1468 345 crat

133 387 261 426 neque
304 387 479 426 unquam
523 374 663 421 fuerat,
709 374 933 426 implorant.
1012 376 1132 415 Pater
1173 376 1311 415 aderat
1355 378 1468 416 Dexo

133 444 443 497 Tyndaritanus,
476 445 593 484 homo
623 445 903 494 nobilissimus,
936 445 1078 498 hospes
1109 454 1210 485 tuus.
1270 448 1394 486 Cuius
1425 456 1467 486 tn

132 515 240 554 domi
283 516 426 564 fueras,
467 529 584 567 quem
629 516 825 568 hospitem
869 517 1099 568 appellaraS,
1142 531 1231 557 eum
1270 532 1357 557 cum
1403 518 1468 557 illa

132 586 373 626 auctoritato
397 594 438 627 et
456 594 587 626 aetate
617 588 774 626 miseria
796 588 950 627 videres
980 588 1192 640 perditum,
1218 603 1293 627 non
1326 595 1363 628 te
1385 590 1468 628 cius

132 656 326 705 lacrimae,
359 671 438 696 non
472 664 665 705 senectus,
699 672 775 697 non
812 658 972 710 hospitii
1008 659 1068 697 ius
1096 666 1217 710 atquc
1247 673 1388 699 nomen
1418 660 1469 697 ab

134 726 278 767 scelere
292 727 465 779 aliquam
482 727 532 766 ad
549 735 702 780 partem
725 728 984 767 humanitatis
1002 742 1184 768 revocare
1201 730 1356 781 potuit?
1389 730 1468 769 Sed

133 798 230 850 quid
260 812 333 852 ego
363 799 524 851 hospitii
556 800 642 838 iura
672 799 710 837 in
739 799 810 838 hac
840 800 1001 838 immani
1033 800 1147 839 belua
1177 804 1469 841 commemoro?

133 869 202 920 qui
231 869 442 908 Sthenium
470 869 784 917 Thermitanum,
808 870 1004 922 hospitem
1026 883 1152 918 suum,
1175 871 1285 909 cuius
1305 871 1466 910 domum

134 953 204 991 per
241 939 458 991 hospitium
497 940 683 979 exhausit
717 947 756 978 et
791 940 1022 988 exinanivit,
1059 941 1262 980 absentem
1303 942 1342 979 in
1382 955 1468 980 reos

134 1009 347 1058 rettulerit,
393 1009 542 1048 indicta
590 1023 705 1048 causa
753 1011 881 1061 capite
923 1009 1134 1058 damnarit,
1178 1011 1228 1049 ab
1271 1025 1317 1050 eo
1366 1025 1468 1049 nunc

134 1080 396 1133 hospitiorum
436 1081 522 1119 iura
559 1086 680 1131 atque
718 1081 842 1119 officia
876 1083 1140 1132 quaeramus?
1182 1095 1270 1120 cum
1311 1081 1468 1121 homine

134 1152 240 1191 enim
259 1151 409 1192 crudeli
431 1153 543 1192 nobis
564 1167 625 1193 res
646 1159 707 1193 est
721 1167 771 1191 an
792 1166 881 1191 cum
902 1152 985 1191 fera
1005 1158 1125 1203 atque
1145 1153 1308 1191 immani
1329 1153 1468 1192 belua?

134 1222 191 1262 Tc
206 1223 331 1274 patris
350 1222 533 1263 lacrimae
549 1223 599 1263 de
615 1223 837 1262 innocentis
853 1222 921 1261 filii
943 1222 1118 1274 periculo
1135 1236 1213 1262 non
1229 1223 1444 1262 movebant
1461 1239 1467 1265 ς

134 1307 223 1333 cum
261 1301 416 1346 patrem
453 1295 561 1334 domi
601 1295 836 1347 reliquisses,
877 1294 1002 1333 filium
1041 1301 1171 1334 tecum
1212 1295 1386 1343 haberes,
1428 1301 1466 1334 tc

134 1378 262 1417 neque
281 1379 465 1417 praesens
486 1365 589 1405 filius
603 1365 653 1405 de
673 1365 842 1405 liberum
863 1365 1027 1404 caritate
1047 1379 1175 1416 neque
1194 1366 1335 1405 absens
1355 1372 1468 1418 pater

133 1435 184 1475 de
204 1435 455 1489 indulgentia
474 1437 603 1488 patria
623 1436 927 1476 commonebat?
957 1442 1115 1475 catenas
1135 1437 1307 1476 habebat
1326 1437 1467 1488 hospes

136 1514 229 1546 tuus
274 1506 470 1555 Aristeus,
520 1508 697 1547 Dexonis
744 1507 870 1546 filius:
928 1507 1024 1558 quid
1073 1508 1158 1548 ita(l
1217 1508 1468 1560 ‘prodiderat

315 1576 322 1592 '
379 1577 494 1626 Quod
524 1577 574 1616 ob
607 1577 856 1629 praemium?
893 1576 1167 1616 ‘deseruerat'
1224 1578 1329 1626 Quid
1358 1578 1467 1618 Cleo-

135 1650 298 1687 menes?
331 1647 521 1701 ‘ignavus
550 1648 704 1687 fuerat.'
761 1648 819 1687 At
839 1661 929 1687 eum
959 1654 1004 1687 tu
1033 1649 1083 1688 ob
1103 1649 1294 1688 virtutem
1325 1663 1468 1689 corona

134 1725 227 1758 ante
273 1718 452 1758 donaras.
542 1719 781 1758 ‘Dimiserat
829 1718 994 1758 nautas.'
1077 1719 1141 1757 Ab
1188 1719 1370 1759 omnibus
1423 1726 1468 1758 tu

136 1788 357 1828 mercedem
395 1789 592 1828 missionis
630 1802 844 1841 acceperas.
922 1789 1038 1828 Alter
1076 1803 1218 1841 parens
1256 1804 1305 1829 ex
1343 1790 1468 1830 altera

135 1866 248 1912 parte
268 1865 354 1899 erat
373 1859 626 1899 Herbitensis
655 1859 865 1908 Eubulida,
888 1860 1006 1899 homo
1025 1859 1134 1899 domi
1163 1874 1256 1900 suae
1280 1860 1406 1899 clarus
1427 1867 1468 1900 et

136 1929 279 1970 nobilis
293 1945 303 1979 3
336 1930 404 1981 qui
425 1930 518 1982 quia
547 1929 801 1970 Cleomenem
830 1930 872 1968 in
897 1929 1150 1970 defendendo
1178 1930 1259 1970 filio
1288 1930 1465 1978 laeserat,

136 1999 268 2040 nudus
295 2014 420 2053 paene
449 2007 509 2040 est
537 2000 767 2040 destitutus.
828 2000 933 2049 Quid
963 2006 1049 2040 erat
1076 2006 1210 2040 autem
1231 2001 1338 2052 quod
1367 2002 1468 2052 quis-

136 2083 256 2122 quam
284 2070 435 2110 diceret
461 2077 533 2110 aut
555 2071 817 2110 defenderet‘l
853 2070 1127 2111 ‘Cleomenem
1157 2072 1360 2111 nominare
1389 2085 1467 2110 non

136 2140 252 2180 licet.’
311 2142 391 2181 ‘At
419 2155 535 2181 causa
563 2141 693 2194 cogit.'
752 2142 956 2189 ‘Moriere,
989 2142 1021 2181 si
1051 2141 1286 2194 appellaris.'
1342 2142 1467 2191 (Nun-

138 2225 258 2263 quam
289 2212 394 2251 enim
425 2212 500 2251 iste
531 2213 714 2264 cuiquam
745 2219 806 2252 est
834 2212 1086 2252 mediocriter
1116 2213 1320 2262 minatus.)
1391 2213 1469 2251 ‘At

135 1576 308 1616 classem.

139 2282 307 2335 remiges
323 2295 401 2322 non
418 2282 555 2322 erant.'
601 2283 845 2322 ‘Praetorem
862 2289 907 2322 tu
922 2286 1102 2322 aecuses'l
1122 2283 1260 2335 frange
1276 2283 1468 2322 ccrvices.’

139 2353 182 2393 Si
221 2366 348 2404 neque
386 2359 607 2405 praetorem
647 2367 774 2405 neque
811 2355 1004 2406 praetoris
1042 2353 1240 2393 aemulum
1279 2353 1467 2405 appellari

139 2423 284 2471 licebit,
308 2437 395 2462 cum
418 2424 457 2462 in
478 2423 538 2462 his
558 2423 713 2462 duobus
734 2431 820 2463 tota
840 2438 955 2463 causa
975 2424 1038 2470 sit,
1061 2423 1155 2474 quid
1178 2423 1359 2462 futurum
1380 2426 1469 2462 cst?

1490 744 1544 772 109

1490 1456 1544 1475 110
