1700 2729
201 687 235 714 81

259 230 304 264 34
557 221 613 254 M.
647 221 685 255 T.
716 221 1006 256 CICERONIS
1029 221 1293 257 ACTJONJS
1457 219 1529 266 [31.
1542 223 1585 255 81

258 324 446 364 Hieronis
466 325 554 373 fuit,
578 339 656 377 qua
675 331 878 377 praetores
897 326 959 364 uti
979 325 1136 380 solent],
1159 332 1371 365 contentus
1392 338 1471 365 non
1491 325 1587 365 fuit:

258 396 522 444 tabernacula,
541 410 659 448 quem
675 396 725 435 ad
746 396 908 435 niodum
925 403 1134 436 consuerat
1149 397 1394 449 temporibus
1414 396 1586 444 aestivis,

258 466 365 517 quod
395 473 512 506 antea
545 467 827 515 demonstravi,
864 467 1057 506 carbaseis
1090 468 1247 506 intenta
1277 467 1375 506 velis
1409 466 1590 506 collocari

257 538 373 577 iussit
406 539 447 576 in
482 539 607 586 litore,
645 538 752 589 quod
787 545 847 577 est
879 538 974 577 litus
1013 539 1054 577 in
1093 539 1229 577 Insula
1259 538 1466 591 Syracusis
1498 543 1590 590 post

256 609 482 648 Arethusae
515 610 679 657 fontem,
710 616 874 661 propter
900 610 1031 660 ipsum
1060 609 1270 648 introitum
1298 616 1419 661 atque
1442 609 1589 648 ostium

256 685 405 730 portus,
431 692 597 718 amoeno
627 693 720 718 sane
741 685 781 718 et
800 680 850 718 ab
878 679 1038 718 arbitris
1067 686 1220 718 remoto
1246 679 1341 719 loco.
1400 679 1478 718 Hic
1503 679 1589 718 dies

255 749 427 788 aestivos
448 757 509 788 tot
529 750 738 788 continuos
757 750 894 802 populi
915 750 1084 789 Romani
1113 756 1282 802 praetor,
1305 755 1437 789 custos
1456 750 1590 789 defen-

256 834 398 871 sorque
427 821 664 872 provinciae,
694 821 748 859 510
774 821 888 868 vixit,
920 827 967 859 ut
996 821 1204 860 muliebria
1234 821 1379 860 cotidie
1407 821 1588 860 convivia

256 898 398 939 essent,
429 891 491 930 vir
516 892 726 930 accubaret
751 905 868 930 nenio
897 898 1055 943 praeter
1074 892 1205 943 ipsum
1232 897 1272 931 et
1290 897 1588 944 praetextatum

255 961 598 1001 filium—tametsi
630 962 714 1001 sine
749 962 981 1014 exceptione
1019 962 1200 1001 dixeram
1230 963 1372 1011 virum,
1403 976 1493 1001 cum
1521 962 1589 1001 isti

255 1038 397 1081 essent,
447 1033 647 1072 neminem
693 1033 870 1072 1111550-
877 1048 888 1082 3
916 1046 1203 1084 nonnunquam
1254 1033 1375 1072 etiam
1420 1033 1589 1072 libertus

255 1104 525 1143 Timarchides
556 1104 823 1143 adhibebatur
835 1120 847 1154 ,-
875 1104 1060 1143 mulieres
1090 1110 1227 1143 autem
1257 1110 1405 1156 nuptae
1436 1103 1588 1143 nobiles

253 1180 412 1226 praeter
426 1189 547 1214 unam
562 1175 674 1213 mimi
690 1175 834 1214 Isidori
849 1175 982 1224 filiam,
1001 1189 1120 1226 quam
1139 1176 1215 1214 iste
1234 1181 1398 1228 propter
1411 1188 1587 1214 amorem

253 1246 303 1284 ab
337 1246 495 1285 Rhodio
528 1246 690 1285 tibicine
724 1246 969 1286 abduxerat:
1001 1252 1086 1285 erat
1119 1247 1218 1298 Pipa
1247 1246 1453 1297 quaedam,
1485 1259 1588 1285 uxor

254 1317 508 1356 Aeschrionis
536 1317 785 1369 Syracusani,
808 1317 857 1356 de
879 1331 956 1368 qua
976 1317 1140 1356 muliere
1160 1317 1322 1369 plurimi
1347 1331 1496 1365 versus,
1518 1317 1587 1368 qui

253 1389 295 1426 in
314 1389 429 1427 istius
456 1389 718 1440 cupiditatem
737 1389 832 1427 faeti
853 1395 957 1436 sunt,
980 1395 1066 1428 tota
1082 1389 1215 1428 Sicilia
1240 1388 1587 1441 percelebrantur,

254 1464 339 1498 erat
376 1458 487 1507 Nice,
528 1459 627 1498 facie
665 1459 820 1507 eximia,
856 1466 904 1498 ut
940 1459 1203 1511 praedicatur,
1243 1472 1346 1498 uxor
1383 1458 1587 1499 Cleomeni

254 1530 503 1582 Syracusani.
564 1530 678 1568 Hanc
704 1530 766 1568 vir
787 1529 1054 1583 [Cleomenes]
1081 1530 1241 1569 amabat
1253 1545 1264 1579 ,-
1292 1543 1433 1569 verum
1451 1535 1587 1569 tamen

253 1600 370 1639 huius
399 1600 557 1639 libidini
584 1600 787 1639 adversari
816 1614 887 1639 nec
915 1606 1074 1652 poterat
1102 1614 1174 1639 nee
1201 1600 1386 1648 audebat,
1409 1606 1450 1639 et
1469 1599 1587 1639 simu]

253 1672 302 1709 ab
317 1671 394 1710 isto
410 1671 525 1710 donis
540 1671 819 1722 beneficiisque
839 1671 976 1710 multis
996 1671 1306 1710 den‘nciebatur.
1356 1670 1432 1710 Illo
1450 1676 1586 1710 autem

255 1750 432 1794 tempore
470 1743 557 1791 iste,
594 1743 755 1782 tametsi
791 1757 835 1782 ea
867 1750 927 1782 est
965 1743 1136 1782 hominis
1169 1742 1430 1794 impudentia,
1465 1755 1586 1794 quam

254 1813 389 1861 nostis,
426 1813 509 1864 ipse
539 1820 674 1852 tamen
708 1827 797 1851 cum
826 1813 888 1851 vir
921 1819 1026 1852 esset
1058 1813 1276 1865 Syracusis,
1306 1826 1474 1852 uxorem
1502 1812 1586 1852 eius

254 1897 394 1934 parum
413 1889 572 1935 poterat
591 1883 724 1922 animo
744 1883 875 1922 soluto
894 1897 938 1921 ac
958 1883 1082 1922 libero
1103 1890 1165 1922 tot
1184 1884 1226 1922 in
1241 1889 1329 1922 acta
1348 1883 1433 1922 dies
1452 1896 1585 1922 secum

253 1954 407 1992 habere.
468 1954 610 2005 Itaque
640 1953 841 2006 excogitat
870 1967 954 1992 rem
983 1953 1247 2006 singularem:
1278 1967 1410 2001 naves,
1441 1953 1586 2004 quibus

253 2024 407 2077 legatus
437 2025 674 2076 praefuerat,
707 2024 911 2064 Cleomeni
940 2025 1065 2063 tradit
1079 2041 1089 2074 ,-
1118 2025 1232 2063 classi
1258 2024 1397 2076 populi
1415 2024 1586 2064 Romani

253 2095 506 2134 Cleomenem
545 2095 839 2147 Syracusanum
869 2109 1050 2146 praeesse
1083 2096 1196 2134 iubet
1224 2101 1345 2146 atque
1377 2095 1582 2147 imperare.

254 2166 340 2205 Hoc
368 2179 413 2205 eo
437 2166 543 2214 facit,
566 2172 613 2204 ut
635 2166 703 2205 ille
726 2179 807 2205 non
836 2166 964 2205 solum
992 2167 1149 2206 abesset
1168 2180 1191 2205 a
1210 2165 1340 2214 domo,
1362 2165 1460 2205 dum
1479 2165 1586 2205 navi-

251 2243 375 2289 garet,
405 2237 474 2275 sed
501 2237 621 2276 etiam
649 2236 822 2276 libenter
847 2250 936 2275 cum
966 2251 1111 2290 magno
1142 2237 1291 2276 honore
1316 2236 1586 2287 beneficioque

251 2307 408 2346 abesset
421 2323 431 2356 ,-
477 2307 562 2359 ipse
608 2313 744 2346 autem
782 2314 936 2346 remoto
982 2314 1104 2359 atque
1150 2307 1334 2360 ablegato
1371 2307 1459 2346 viro
1505 2320 1586 2346 non

251 2377 414 2416 liberius
452 2391 572 2429 quam
604 2384 787 2417 antea—
800 2379 888 2429 quis
927 2379 1033 2417 enim
1070 2392 1248 2430 unquam
1279 2378 1396 2417 istius
1427 2377 1585 2417 libidini

252 2448 409 2487 obstitit
426 2448 564 2488 'Z—sed
593 2448 727 2500 paullo
756 2448 945 2488 solutiore
985 2456 1118 2488 tamen
1151 2449 1284 2488 animo
1314 2462 1447 2487 secum
1474 2447 1584 2487 illam
