1700 2729
196 197 238 238 56
493 196 549 230 M.
582 196 620 230 T.
651 195 942 230 CICERONIS
966 195 1231 229 ACTJONJS
1369 193 1440 239 [52.
1457 195 1522 229 137

194 299 356 338 crimine
383 299 555 339 maxime
576 300 660 339 eius
680 299 834 351 pudet?
877 299 1095 338 ‘Paternus
1114 299 1264 337 amicus
1293 298 1378 338 est.⁷
1435 298 1524 350 Ipse

194 376 307 422 pater
327 370 358 409 si
379 370 583 418 iudicaret,
606 384 676 422 per
695 370 790 409 deos
822 369 1077 418 immortales,
1100 369 1198 421 quid
1218 369 1346 408 facere
1377 382 1522 421 posses,

194 455 284 480 cum
318 442 390 481 tibi
425 442 519 481 haec
554 442 726 480 diceret:
778 446 844 480 ‘tu
879 442 918 479 in
953 441 1156 493 provincia
1186 441 1322 493 populi
1356 440 1525 480 Romani

125 1158 180 1186 Ι37

134 2233 188 2270 138

194 518 362 564 praetor,
387 526 475 551 cum
496 512 569 551 tibi
589 512 835 551 maritimum
854 511 1003 551 bellum
1025 517 1128 551 esset
1150 511 1524 559 administrandum,

195 584 447 623 Mamertinis
463 597 513 623 ex
532 584 691 623 foedere
708 597 828 634 quam
847 583 1042 622 deberent
1062 596 1204 622 navem
1224 597 1294 635 per
1309 583 1527 622 triennium

194 655 381 694 remisisti
398 670 406 703 3
436 655 509 693 tibi
529 654 637 706 apud
657 654 817 693 eosdem
837 654 993 706 privata
1022 654 1135 692 navis
1155 654 1335 693 oneraria
1354 654 1528 692 maxima

194 725 350 777 publice
390 732 449 765 est
485 725 693 764 aedificata
707 741 717 774 3
764 730 810 763 tu
847 738 870 763 a
908 725 1138 764 civitatibus
1170 725 1357 776 pecunias
1395 724 1528 763 classis

195 797 354 836 nomine
388 797 551 849 coegisti
565 812 575 845 3
618 801 663 834 tu
696 796 825 847 pretio
858 795 1027 848 remiges
1061 795 1249 834 dimisisti
1264 811 1274 844 3
1321 800 1377 843 tu,
1414 795 1528 834 navis

196 882 285 907 eum
319 874 423 907 esset
459 868 509 906 ab
548 872 758 919 quaestore
793 872 834 905 et
870 867 920 905 ab
953 866 1086 919 legato
1120 872 1236 918 capta
1268 866 1527 918 praedonum,

195 939 476 1003 archipirataffii
509 938 560 977 ab
593 937 716 977 oculis
750 938 929 976 omnium
962 937 1168 976 removisti
1182 953 1193 986 3
1236 943 1291 986 tu,
1323 937 1392 988 qui
1426 937 1531 976 cives

198 1011 367 1050 Romani
388 999 470 1049 esse
490 1009 728 1057 dicerentur,
752 1009 821 1060 qui
840 1022 863 1047 a
882 1008 1020 1047 multis
1041 1014 1382 1062 cognoscerentur,
1405 1008 1532 1048 securi

198 1083 316 1122 ferire
344 1081 537 1134 potuisti3
580 1087 626 1120 tu
656 1087 768 1120 tuam
796 1080 960 1120 domum
994 1081 1144 1132 piratas
1172 1080 1379 1128 abducere,
1410 1085 1457 1119 tu
1489 1080 1532 1118 in

197 1153 389 1193 iudicium
426 1152 708 1204 archipiratam
740 1152 859 1191 domo
897 1151 1115 1203 producere
1147 1165 1267 1190 ausus
1305 1165 1345 1190 es
1359 1167 1370 1200 3
1411 1156 1459 1189 tu
1491 1150 1532 1188 in

198 1225 402 1278 provincia
422 1230 505 1263 tam
535 1223 753 1275 splendida,
777 1229 823 1262 tu
853 1223 961 1275 apud
992 1223 1115 1262 socios
1146 1222 1405 1270 fidelissimos,
1429 1221 1533 1260 cives

200 1298 400 1336 Romanos
438 1295 747 1343 honestissimos,
783 1295 825 1333 in
858 1301 970 1333 metu
1003 1294 1256 1346 periculoque
1294 1293 1531 1345 provinciae,

199 1367 284 1406 dies
304 1367 514 1406 continuos
545 1366 766 1417 complures
787 1366 827 1403 in
847 1365 964 1404 litore
985 1365 1256 1415 conviviisque
1283 1363 1440 1402 iacuisti
1454 1378 1465 1412 3
1493 1368 1534 1402 te

201 1453 271 1490 per
292 1452 357 1478 eos
377 1438 461 1477 dies
482 1451 598 1476 nemo
614 1443 706 1476 tuae
726 1436 835 1475 domi
856 1436 1077 1483 convenire,
1095 1448 1211 1474 nemo
1231 1435 1273 1472 in
1292 1434 1379 1473 foro
1398 1433 1535 1473 videre

201 1510 359 1561 potuit3
397 1515 443 1548 tu
472 1507 792 1547 matresfamilias
813 1507 1007 1547 sociorum
1027 1512 1149 1558 atque
1167 1506 1385 1544 amicorum
1409 1504 1462 1544 ad
1490 1518 1535 1544 ea

203 1581 384 1620 convivia
412 1579 659 1627 adhibuisti3
688 1584 734 1617 tu
762 1579 868 1617 inter
897 1578 981 1617 eius
1005 1577 1114 1616 modi
1143 1576 1328 1615 mulieres
1356 1580 1536 1627 praetex-

204 1658 334 1691 tatum
363 1658 479 1690 tuum
510 1650 647 1698 filium,
670 1655 857 1701 nepotem
887 1662 1031 1696 meum,
1055 1647 1307 1696 collocavisti‚
1337 1652 1385 1686 ut
1412 1646 1536 1686 aetati

204 1723 376 1762 maxime
396 1722 570 1761 lubricae
589 1727 711 1772 atque
735 1721 908 1760 incertae
930 1719 1112 1771 exempla
1131 1719 1333 1770 nequitiae
1360 1718 1538 1770 parentis

204 1795 288 1834 vita
302 1794 511 1846 praeberet
526 1809 536 1841 3
565 1799 611 1831 tu
625 1798 786 1844 praetor
805 1792 847 1830 in
862 1791 1065 1843 provincia
1081 1804 1170 1829 cum
1185 1790 1320 1829 tunica
1339 1789 1538 1841 pallioque

205 1878 404 1917 purpureo
433 1865 542 1903 visus
569 1878 633 1913 es3
673 1869 719 1902 tu
738 1869 902 1915 propter
920 1876 1096 1902 amorem
1121 1861 1407 1912 libidinemque
1426 1865 1538 1899 tuam

205 1937 417 1988 imperium
450 1935 614 1974 navium
651 1934 784 1987 legato
816 1933 954 1986 populi
988 1933 1158 1972 Romani
1195 1931 1391 1979 ademisti,
1422 1931 1539 1983 Syra-

206 2021 351 2047 cusano
382 2007 609 2055 tradidisti3
652 2006 713 2044 tui
732 2005 879 2044 milites
899 2006 941 2043 in
970 2004 1174 2057 provincia
1194 2002 1327 2042 Sicilia
1356 2002 1540 2055 frugibus

206 2080 488 2130 frumentoque
513 2082 750 2126 caruerunt3
789 2082 860 2115 tua
879 2075 1038 2114 luxuria
1068 2080 1189 2126 atque
1208 2073 1377 2112 avaritia
1407 2072 1540 2112 classis

206 2150 344 2202 populi
373 2149 543 2189 Romani
572 2163 594 2188 a
623 2148 889 2200 praedonibus
919 2152 1034 2198 capta
1063 2152 1103 2185 et
1131 2146 1291 2185 incensa
1324 2150 1385 2184 est
1397 2159 1408 2194 3
1449 2148 1542 2196 post

208 2222 424 2274 Syracusas
471 2219 650 2259 conditas
698 2232 816 2270 quem
863 2219 904 2256 in
952 2223 1113 2269 portum
1160 2229 1364 2267 nunquam
1414 2214 1540 2254 hostis

208 2297 434 2339 accesserat,
455 2291 498 2329 in
518 2304 564 2329 eo
584 2296 624 2329 te
647 2295 829 2341 praetore
850 2288 1024 2340 primum
1043 2288 1196 2339 piratae
1225 2286 1518 2339 navigaverunt
1530 2300 1541 2334 3

209 2377 336 2415 neque
356 2363 452 2402 haec
476 2368 538 2401 tot
557 2368 597 2401 et
617 2366 730 2399 tanta
751 2359 945 2399 dedecora
975 2357 1292 2397 dissimulatione
1311 2362 1382 2396 tua
1413 2369 1542 2407 neque

209 2435 407 2474 oblivione
445 2434 652 2473 hominum
690 2447 732 2470 ac
772 2431 1046 2470 taciturnitate
1086 2436 1220 2482 tegere
1257 2428 1431 2475 voluisti,
1472 2426 1542 2466 sed
