1674 2729
131 211 286 260 38.101]
323 214 391 248 IN
412 213 602 249 GAIUM
631 213 861 248 VERREM
884 214 1188 250 SECUNDAE
1214 216 1313 250 Lllf.
1343 216 1376 250 Γ.
1416 227 1455 258 4¹

131 316 402 369 relinqueret?
458 317 634 356 Insulam
670 324 795 356 totam
831 326 1127 369 praetervectus
1161 328 1232 367 est,
1268 333 1367 371 quac
1403 330 1459 358 est

130 387 225 427 urbs
243 387 451 443 Syracusis
471 401 543 426 suo
560 388 718 428 nomine
733 402 777 428 ac
793 389 1010 437 moenibus,
1028 403 1106 441 quo
1122 390 1162 428 in
1178 389 1263 429 loco
1284 390 1460 438 maiores,

129 464 177 498 ut
207 464 302 498 ante
333 458 430 507 dixi,
453 458 748 511 Syracusanum
778 459 959 500 habitare
987 458 1214 509 vetuerunt,
1245 461 1363 512 quod,
1395 462 1460 512 qui

129 528 238 568 illam
271 535 426 581 partem
459 530 568 568 urbis
603 536 798 578 tenerent,
830 531 870 569 in
904 544 1041 570 eorum
1074 537 1273 583 potestate
1302 540 1461 584 portum

128 599 311 639 futlu'um
330 599 627 653 intellegebant.
669 601 727 639 At
742 614 859 652 quem
879 601 930 640 ad
952 601 1113 640 modum
1130 608 1190 641 est
1204 607 1460 655 pervagatus!

129 670 297 711 Radices
326 671 549 724 palmarum
577 672 807 725 agrestium,
839 685 936 723 quas
966 673 1006 711 in
1037 674 1182 712 nostris
1211 673 1378 712 navibus
1407 674 1461 712 in-

129 747 333 790 venerant,
382 742 596 790 iactabant,
637 749 683 781 ut
730 756 866 782 omnes
914 743 1028 782 istius
1076 744 1373 796 improbitatem
1421 752 1461 783 ct

128 811 395 852 calamitatem
416 812 572 852 Siciliae
593 820 756 865 possent
776 827 1019 867 cognoscere.
1079 814 1281 854 Siculosne
1301 814 1457 862 milites,

127 889 383 923 aratorumne
421 883 576 932 liberos,
618 897 787 935 quorum
834 890 967 936 patres
1005 891 1162 924 tantum
1209 885 1342 925 labore
1389 899 1460 924 suo

127 954 320 995 frumenti
359 956 588 1004 exarabant,
629 963 676 995 ut
714 956 861 1008 populo
903 957 1082 996 Romano
1122 958 1275 1008 totique
1320 957 1458 996 Italiae

127 1025 384 1077 suppeditare
422 1033 594 1078 possent,
631 1039 759 1074 eosne,
796 1027 837 1065 in
875 1026 1005 1065 insula
1042 1026 1197 1066 Cereris
1231 1033 1355 1075 natos,
1390 1027 1457 1066 ubi

127 1095 300 1147 primum
320 1096 456 1150 fruges
485 1097 672 1136 inventae
702 1110 785 1136 esse
805 1097 1005 1146 dicuntur,
1029 1111 1074 1137 eo
1095 1098 1180 1136 cibo
1201 1111 1284 1137 esse
1312 1111 1414 1146 usos,
1436 1112 1459 1136 a

126 1180 206 1218 quo
239 1167 407 1207 maiores
441 1180 578 1207 eorum
613 1175 764 1208 ceteros
794 1182 951 1220 quoque
985 1169 1167 1222 frugibus
1201 1169 1374 1208 inventis
1403 1182 1458 1208 re-

126 1241 368 1278 moverunt?
424 1239 480 1279 Te
501 1246 684 1290 praetore
704 1239 826 1279 Siculi
847 1239 994 1279 milites
1013 1239 1234 1291 palmarum
1255 1240 1455 1291 stirpibus,

125 1308 279 1360 piratae
299 1308 433 1348 Siculo
448 1309 651 1349 frumento
666 1309 899 1350 alebantur?
937 1310 971 1350 O
987 1310 1255 1362 spectaculum
1270 1310 1457 1349 miserum

124 1386 247 1432 atque
265 1381 474 1421 acerbum:
505 1381 678 1421 ludibrio
699 1395 782 1421 esse
803 1382 912 1421 urbis
932 1381 1109 1435 gloriam,
1132 1381 1269 1434 populi
1289 1382 1457 1421 Romani

125 1465 280 1500 nomen,
330 1452 537 1492 hominum
591 1452 994 1506 [honestissimorum]
1047 1459 1287 1492 conventum
1337 1460 1457 1504 atquc

125 1521 427 1562 multitudinem
461 1523 628 1575 piratico
662 1524 921 1576 myoparoni!
978 1523 1025 1562 In
1060 1530 1179 1576 portu
1208 1523 1457 1575 Syracusano

124 1593 176 1634 de
208 1593 330 1634 classe
359 1594 495 1647 populi
526 1595 695 1634 Romani
725 1595 973 1647 triumphum
1004 1608 1121 1648 agere
1155 1595 1336 1647 piratam,
1368 1608 1455 1633 cum

124 1665 318 1718 praetoris
338 1666 570 1705 inertissimi
601 1666 911 1717 nequissimique
931 1665 1064 1706 oculos
1094 1666 1339 1717 praedonum
1358 1667 1455 1705 remi

123 1742 400 1789 respergerent
417 1739 422 1774 !

177 1807 322 1848 Postea
341 1821 460 1860 quam
481 1821 501 1847 e
522 1814 641 1860 portu
667 1808 819 1860 piratae
840 1821 918 1847 non
938 1814 1049 1847 metu
1068 1808 1201 1859 aliquo
1220 1808 1367 1847 adfecti
1387 1808 1455 1847 sed

122 1879 307 1918 satietate
328 1879 522 1926 exierunt,
546 1885 632 1918 tum
654 1884 870 1931 coeperunt
889 1892 1077 1930 quaerere
1100 1879 1279 1918 homines
1299 1892 1455 1918 causam

121 1949 229 1989 illius
249 1955 385 1990 tantae
405 1950 652 1989 calamitatis.
713 1950 853 1989 Dicere
874 1963 1009 1990 omnes
1030 1957 1070 1989 ct
1090 1950 1219 2002 palam
1239 1949 1442 2002 disputare

121 2021 284 2061 minime
304 2034 387 2060 esse
407 2020 644 2069 mirandum,
667 2021 710 2069 si,
733 2021 948 2074 remigibus
978 2021 1251 2072 militibusque
1270 2020 1453 2068 dimissis,

122 2091 284 2143 reliquis
317 2098 494 2145 egestate
525 2098 566 2131 ct
596 2092 700 2131 fame
734 2092 911 2143 perditis,
945 2098 1125 2143 praetore
1160 2097 1221 2130 tot
1251 2091 1335 2129 (lies
1366 2104 1454 2129 cum

121 2162 363 2202 mulierculis
391 2169 638 2215 perpotante‚
671 2169 783 2202 tanta
812 2162 1029 2216 ignominia
1059 2168 1098 2201 et
1122 2162 1323 2201 calamitas
1353 2168 1455 2200 esset

121 2239 291 2285 accepta.
369 2233 478 2273 Haec
515 2239 651 2272 autem
693 2233 808 2272 istius
846 2233 1088 2285 vituperatio
1130 2238 1250 2283 atque
1292 2232 1454 2271 infamia

123 2304 431 2343 confirmabatur
464 2317 599 2343 eorum
634 2317 824 2352 sermone,
856 2304 923 2355 qui
953 2318 976 2342 a
1005 2303 1085 2342 suis
1115 2302 1343 2342 civitatibus
1377 2302 1454 2341 illis

122 2374 290 2413 navibus
328 2375 543 2426 praepositi
576 2374 745 2413 fucrant.
820 2374 895 2422 Qui
930 2387 979 2413 ex
1012 2374 1080 2412 illo
1115 2386 1278 2412 numero
1312 2372 1451 2424 reliqui

122 2443 337 2497 Syracusas
367 2444 487 2483 classe
516 2445 659 2483 amissa
688 2445 928 2498 refugerant,
960 2444 1155 2491 dicebant,
1179 2449 1277 2494 quot
1305 2456 1355 2481 cx
1384 2456 1452 2480 sna

1480 624 1517 652 9⁴)

1478 1329 1534 1350 100

1476 2256 1527 2276 101
