1674 2729
156 210 311 258 salso]
338 213 405 247 ΙΝ
427 211 617 247 GAJUM
646 211 876 246 11'ERRl-:M
900 212 1207 247 SECUNDAF„
1235 215 1332 249 Lm.
1362 216 1395 249 1'.
1439 216 1478 249 6·

155 316 302 356 civium
336 316 617 363 Romanorum,
652 322 699 354 ut
733 316 810 354 iam
845 315 911 354 illa
947 331 1024 355 vox
1063 324 1103 356 et
1143 317 1367 368 imploratio
1401 320 1485 357 cici.»-

154 388 344 428 Romame
374 401 465 434 snm,
501 400 601 438 quae
636 400 750 438 saepe
785 386 922 426 multis
955 387 995 426 in
1035 387 1186 426 ultimis
1221 389 1336 427 terris
1370 403 1483 440 opem

153 458 260 498 inter
278 458 466 497 barbaros
492 469 533 497 et
557 457 726 496 salutem
755 458 859 505 tulit,
883 472 927 497 ca
954 466 1122 497 mortem
1148 458 1224 497 illis
1244 460 1484 499 acerbiorem

153 534 196 569 et
222 528 459 581 supplicium
494 528 689 567 maturius
723 528 855 567 ferret.
927 528 1031 577 Quid
1066 537 1136 577 est,
1174 530 1346 570 Verres?
1388 531 1483 582 quid

151 599 203 639 ad
250 599 346 639 haec
392 599 542 652 cogitas
591 598 859 650 respondere?
906 612 1001 637 num
1049 600 1208 638 mentiri
1251 603 1342 640 me?
1389 614 1483 640 num

151 671 302 724 fingere
320 669 503 722 aliquid?
559 669 669 708 Num
689 683 835 722 augere
862 670 1039 709 crimen?
1096 669 1204 709 Num
1225 671 1320 722 quid
1343 672 1482 711 horum

151 740 283 780 dicere
311 741 399 780 istis
427 741 702 780 defensoribus
733 741 812 779 tuis
841 740 993 780 audes?
1049 741 1158 780 Cedo
1187 742 1295 790 mihi,
1324 756 1480 793 quaeso,

152 825 204 852 ex
230 812 355 864 ipsius
384 812 474 851 sinu
502 811 657 850 litteras
686 811 1038 863 Syracusanorum,
1061 826 1159 863 quas
1189 812 1263 851 istc
1288 812 1339 851 ad
1365 813 1483 852 arbit-

152 882 257 922 rium
285 896 402 922 suum
431 882 629 921 confectas
658 895 742 921 esse
770 882 990 921 arbitratur
1005 898 1014 930 3
1052 882 1148 922 cedo
1178 883 1371 922 rationem
1406 897 1483 922 car-

152 952 262 1000 ceris,
285 965 386 1004 quae
411 951 716 1005 diligentissime
746 953 962 1000 conficitur,
985 966 1064 1004 quo
1090 953 1257 1005 quisque
1277 954 1341 993 die
1365 954 1482 994 datus

151 1022 193 1062 in
227 1022 458 1071 custodiam,
495 1036 574 1074 quo
608 1030 800 1071 mortuus,
837 1037 915 1074 quo
949 1030 1111 1062 necatus
1149 1025 1210 1063 sit.
1271 1024 1482 1064 LITTERAE

152 1103 543 1133 SYRACUSANORUM.
604 1093 761 1132 Videtis
796 1094 900 1133 cives
934 1094 1134 1134 Romanos
1166 1096 1363 1148 gregatim
1398 1110 1481 1135 con-
1503 1106 1558 1141 148

151 1164 274 1204 iectos
307 1164 348 1203 in
382 1163 595 1203 lautumias
611 1180 620 1213 3
654 1164 800 1203 videtis
833 1165 1110 1218 indignissimo
1143 1166 1184 1204 in
1218 1165 1303 1205 loco
1336 1180 1483 1206 coacer-

151 1241 287 1275 vatam
324 1235 626 1275 multitudinem
665 1241 889 1274 vestrorum
928 1236 1084 1275 civium.
1155 1236 1341 1285 Quaerite
1379 1251 1482 1276 nunc

152 1306 332 1360 vestigia,
368 1307 512 1358 quibus
552 1307 684 1346 exitus
723 1320 858 1346 eorum
898 1320 947 1346 ex
986 1307 1053 1346 illo
1087 1307 1172 1346 loeo
1206 1315 1480 1360 compareant:

151 1376 262 1416 nulla
295 1384 398 1416 sunt.
473 1377 672 1417 Omnesne
710 1378 888 1417 mortui?
931 1378 962 1416 si
1001 1378 1057 1416 ita
1090 1384 1224 1430 posset
1255 1378 1478 1427 defendere,

151 1453 286 1488 tamen
306 1448 404 1488 fides
431 1448 523 1487 huic
548 1448 769 1487 defensioni
800 1462 878 1487 non
908 1448 1131 1488 haberetur.
1190 1449 1269 1488 Sed
1289 1449 1479 1501 scriptum

151 1524 285 1558 exstat
302 1519 345 1557 in
373 1519 522 1558 eisdem
551 1519 707 1567 litteris,
729 1518 837 1570 quod
865 1519 940 1558 iste
969 1519 1087 1558 homo
1116 1519 1306 1558 barbarus
1333 1533 1377 1558 ac
1406 1520 1480 1559 dis-

151 1589 305 1629 solutus
326 1603 453 1641 neque
473 1590 681 1629 attendere
710 1603 887 1641 unquam
916 1603 1043 1641 neque
1073 1590 1303 1642 intellegere
1324 1591 1478 1642 potuit:

152 1660 445 1710 ἐδικαιώθησαν,
468 1660 609 1712 inquit,
633 1661 705 1700 hoc
733 1667 803 1708 est,
826 1666 873 1699 ut
893 1660 1015 1700 Siculi
1035 1660 1265 1711 loquuntur,
1288 1661 1480 1713 supplicio

150 1730 297 1770 adfecti
317 1744 362 1770 ac
391 1732 518 1770 necati
548 1737 652 1770 sunt.
712 1731 754 1770 Si
783 1731 850 1782 qui
880 1745 962 1779 rex,
994 1732 1026 1770 si
1055 1745 1133 1783 qua
1161 1732 1301 1771 civitas
1330 1738 1480 1771 extera-
1499 1729 1550 1769 58

149 1815 239 1841 rum
258 1802 451 1855 gentium,
469 1803 501 1840 si
521 1815 600 1854 qua
620 1802 730 1840 natio
749 1801 906 1841 fecisset
925 1801 1075 1853 aliquid
1096 1802 1136 1840 in
1157 1802 1261 1841 cives
1281 1802 1479 1841 Romanos
1502 1818 1556 1846 149

150 1872 235 1912 eius
262 1872 382 1921 modi,
414 1886 544 1912 nonne
574 1872 729 1924 publice
758 1872 1078 1912 vindicaremus?
1107 1886 1237 1912 noune
1266 1873 1369 1913 bello
1396 1887 1479 1925 per-

150 1946 435 1995 sequeremur?
499 1943 710 1982 Possemus
763 1944 863 1982 hanc
909 1943 1096 1982 iniuriam
1142 1944 1478 1996 ignominiamque

150 2015 320 2054 nominis
355 2015 524 2054 Romani
557 2015 728 2054 inultam
760 2015 1079 2067 impunitz'unque
1112 2014 1344 2054 dimittere?
1381 2021 1480 2066 quot

149 2084 253 2124 bella
290 2086 458 2125 maiores
496 2092 652 2125 nostros
690 2091 731 2125 et
768 2091 918 2137 quanta
960 2086 1176 2137 suscepisse
1216 2086 1476 2133 arbitramini,

149 2156 258 2208 quod
278 2157 382 2196 cives
402 2156 572 2196 Romani
593 2156 737 2195 iniuria
759 2156 918 2203 adfecti,
941 2155 1047 2207 quod
1069 2155 1298 2194 navicularii
1319 2157 1476 2204 retenti,

149 2227 257 2279 quod
280 2233 518 2267 mercatores
543 2227 701 2279 spoliati
721 2227 977 2266 dicerentur?
1032 2227 1090 2265 At
1109 2240 1183 2279 ego
1202 2227 1281 2265 iam
1301 2233 1477 2266 retentos

150 2311 230 2338 non
253 2311 398 2349 queror
412 2313 422 2347 3
450 2298 640 2350 spoliatos
666 2297 874 2337 ferendum
901 2304 1022 2349 puto:
1052 2297 1230 2345 navibus,
1259 2298 1474 2349 mancipiis,

150 2369 346 2410 mercibus
373 2369 581 2421 ademptis,
612 2369 653 2407 in
681 2368 812 2408 vincla
839 2375 1076 2409 mercatores
1105 2382 1188 2408 esse
1214 2369 1410 2408 coniectos
1437 2375 1478 2408 et

150 2441 192 2480 in
226 2440 365 2480 vinclis
399 2440 503 2479 cives
541 2440 740 2479 Romanos
778 2445 936 2480 necatos
975 2453 1057 2479 esse
1095 2453 1228 2493 arguo.
1301 2439 1341 2478 si
1382 2439 1475 2479 haec
1498 2459 1553 2488 150
