1674 2729
136 197 292 245 54.14o]
318 200 384 234 IN
408 198 596 233 ‹111th
627 198 855 232 l'lz'lclelffl!
879 198 1182 233 SECUNDAE
1211 199 1307 232 Lm.
1337 199 1371 232 1'.
1426 207 1464 242 57

137 303 257 342 otiam
296 303 456 342 navium
506 303 723 354 praefectos
761 302 844 340 siue
893 301 971 340 ulla
1010 316 1126 341 rausa
1163 302 1212 340 de
1260 302 1466 353 complexu

137 378 347 425 parentum
367 386 540 419 suorum,
563 372 764 424 hospitum
787 379 958 419 tuorum,
976 372 1027 411 ad
1047 379 1215 410 mortem
1237 373 1467 411 wrm-iatum-

136 457 213 495 que
238 444 430 496 rapuisti:
461 458 587 495 neque
620 452 658 482 te
690 444 728 482 in
763 450 972 495 parentum
1005 443 1115 482 luctu
1144 450 1265 494 utque
1297 443 1466 482 lacrimis

137 514 214 554 mei
261 515 432 554 nominis
480 515 802 554 commemoratio
855 515 1056 567 mitigavit
1074 531 1080 556 :
1137 515 1208 552 tibi
1263 514 1464 553 hominum

135 585 407 625 innocentium
427 586 588 639 sangius
609 600 686 625 11011
707 586 826 625 modo
841 585 1038 638 voluptati
1059 585 1127 625 sed
1148 586 1268 625 etium
1284 586 1465 637 quaestui

136 655 216 696 fuit
230 672 237 696 :
252 655 411 696 '—haee
426 657 457 695 si
480 657 551 695 tibi
574 664 666 696 tuus
683 670 823 708 pareus
843 657 1003 704 diceret,
1022 670 1154 708 posses
1173 657 1223 695 al)
1244 670 1289 695 eo
1311 657 1465 695 veniam

136 729 301 778 petere?
329 740 473 780 posses,
496 734 543 766 ut
563 727 635 766 tibi
656 728 888 781 ignosceret,
912 728 1113 780 postulare
1129 731 1141 766 ’ἒ

189 798 295 838 Satis
333 805 394 838 est
427 799 577 838 factum
616 798 768 846 Siculis,
805 799 901 837 satis
935 799 1059 837 officio
1093 813 1136 837 ac
1171 798 1463 846 necessitudini,
1485 802 1537 842 53

135 869 232 908 satis
265 870 458 921 promisso
496 876 632 909 nostro
669 884 713 908 ae
747 876 928 921 recepto:
977 869 1128 920 reliqua
1166 875 1225 908 est
1260 884 1304 908 ea
1338 883 1464 918 causa,
1487 891 1543 919 139

135 939 296 988 iudices,
318 954 419 991 quae
449 940 527 978 iam
548 954 627 979 11011
656 947 813 992 recepta
840 940 907 979 sed
939 941 1085 986 innata,
1108 953 1236 991 neque
1255 939 1387 979 delata
1415 939 1466 979 ad

136 1023 199 1050 me
218 1010 288 1050 sed
307 1011 349 1049 in
368 1011 500 1049 animo
521 1024 717 1062 sensuque
748 1025 835 1050 meo
856 1012 1015 1062 penitus
1045 1010 1177 1049 adfixa
1196 1017 1318 1061 atque
1347 1011 1467 1050 insit-a

136 1086 221 1130 θεῖς
249 1094 351 1132 quae
372 1094 449 1120 11011
480 1081 529 1120 ad
560 1082 754 1120 sociorum
776 1081 944 1120 salutem
974 1080 1042 1120 sed
1072 1080 1122 1119 ud
1152 1081 1297 1119 civium
1327 1081 1466 1119 Roma-

136 1164 289 1200 norum,
325 1151 397 1191 hoc
445 1158 506 1191 est
552 1152 602 1191 ad
650 1153 767 1191 unius
807 1152 996 1203 cuiusque
1035 1158 1216 1190 nostrum
1263 1152 1388 1190 vitam
1426 1160 1468 1191 et

135 1223 370 1276 sanguinem
391 1223 575 1274 pertinet.
637 1223 684 1262 In
705 1237 782 1274 qua
803 1222 926 1262 nolite
947 1237 969 1261 a
990 1236 1063 1270 me,
1085 1223 1197 1274 quasi
1218 1222 1385 1261 dubium
1414 1223 1467 1261 sit

133 1292 296 1345 aliquid,
319 1300 565 1347 argumenta,
588 1294 747 1341 iudices,
766 1299 994 1345 exspectare
1010 1309 1019 1342 3
1047 1293 1190 1340 omnia,
1208 1307 1309 1344 quae
1324 1293 1462 1341 dicam,

135 1364 189 1403 sie
209 1370 329 1404 erunt
348 1365 529 1412 illustria,
552 1371 599 1403 ut
618 1365 669 1403 ad
690 1379 734 1404 ea
755 1364 960 1416 probanda
980 1370 1107 1403 totam
1127 1363 1301 1403 Siciliam
1321 1369 1465 1403 testem

135 1435 325 1475 adhibere
345 1436 502 1487 possim.
561 1436 690 1475 Furor
709 1436 814 1474 enim
835 1435 1007 1487 quidam,
1031 1435 1186 1474 sceleris
1211 1440 1252 1474 et
1279 1435 1465 1474 audaciae

136 1519 276 1554 comes,
299 1506 414 1545 istius
444 1507 679 1546 effrenatum
699 1507 876 1545 animum
905 1507 1253 1558 importunamque
1282 1512 1465 1545 naturam

137 1582 251 1616 tanta
269 1577 467 1629 oppressit
485 1578 670 1625 amentia,
692 1583 739 1616 ut
759 1591 963 1628 nunquam
982 1577 1187 1615 dubitaret
1206 1577 1246 1614 in
1267 1583 1465 1616 conventu

138 1647 269 1700 palam
284 1648 486 1700 supplicia,
505 1662 606 1700 quae
626 1649 666 1686 in
683 1649 883 1687 convictos
899 1647 1078 1687 maleficii
1099 1661 1233 1687 servos
1249 1648 1466 1687 constituta

136 1724 242 1767 sunt,
265 1732 310 1759 ea
329 1719 370 1758 in
392 1720 495 1759 cives
516 1720 715 1759 Romanos
737 1733 978 1771 expromere.
1029 1719 1163 1772 Virgis
1179 1733 1298 1770 quam
1319 1719 1465 1758 multos
1486 1731 1542 1759 140

136 1791 333 1838 ceciderit,
374 1791 470 1842 quid
519 1804 592 1844 ego
639 1793 971 1830 commemorem?
1017 1796 1176 1829 tantum
1222 1791 1463 1839 brevissime,

135 1861 296 1910 iudices,
318 1861 428 1901 dico:
460 1862 614 1901 nullum
635 1862 713 1901 fuit
741 1862 903 1901 omuino
923 1862 1096 1900 civitatis
1117 1862 1194 1901 isto
1214 1867 1396 1913 praetore
1424 1861 1464 1899 in

137 1931 210 1972 hoc
229 1945 374 1985 genere
394 1931 616 1972 discrimen.
669 1933 810 1984 Itaque
830 1933 908 1971 iam
929 1932 1216 1972 consuetudine
1231 1932 1282 1971 ad
1303 1945 1466 1984 corpora

136 2002 284 2042 civium
304 2003 575 2043 Romanorum
595 2004 717 2043 etiam
737 2004 820 2043 sine
841 2003 957 2042 istius
977 2009 1079 2042 nutu
1103 2003 1307 2042 ferebatur
1325 2016 1466 2042 manus

136 2073 222 2126 ipsa
240 2073 402 2113 fictoris.

190 2143 300 2183 Num
320 2150 433 2196 potes
454 2145 527 2183 hoe
556 2159 711 2198 negare,
735 2145 890 2192 Verres,
913 2145 952 2183 in
974 2145 1060 2183 foro
1081 2144 1261 2195 Lilybaei
1292 2144 1465 2183 maximo
1484 2153 1536 2192 54

137 2221 336 2255 conventu
365 2215 408 2255 C.
441 2215 666 2264 Servilium,
689 2216 814 2255 civem
845 2216 1069 2254 Romanum
1096 2229 1116 2254 0
1140 2221 1338 2254 conventu
1366 2215 1466 2254 Pan-

137 2285 375 2334 hormitano,
398 2292 575 2325 veterem
609 2286 910 2338 negotiatorem,
933 2285 983 2324 ad
1014 2285 1200 2333 tribunal,
1222 2291 1314 2325 aute
1346 2286 1465 2338 pedes

138 2363 238 2405 tuos,
261 2356 311 2396 ad
334 2364 479 2396 terram
510 2357 633 2410 virgis
660 2363 701 2396 et
728 2358 958 2397 verberibus
978 2357 1205 2396 abiectum?
1248 2357 1363 2396 Aude
1393 2357 1465 2396 hoc.

139 2429 310 2479 primum
342 2442 496 2481 negare,
519 2429 549 2466 si
572 2436 707 2480 potes:
739 2442 853 2467 nemo
883 2428 1061 2479 Lilybaei
1084 2428 1161 2466 fuit
1180 2429 1274 2478 quin
1306 2428 1461 2474 viderit,
