1674 2729
151 195 308 243 67.172]
334 197 401 232 IN
423 196 610 233 GAJUM
642 196 873 231 VERREM
895 196 1199 232 SECUNDAE
1225 199 1325 233 LlB.
1353 199 1388 234 V.
1441 208 1479 241 71

152 300 262 342 nullo
291 300 410 341 modo
438 307 581 353 potest.
640 300 732 340 Non
763 300 841 340 fuit
861 301 920 340 his
941 301 1124 340 omnibus
1154 302 1229 341 iste
1253 308 1486 343 contentus:

154 371 349 424 ‘spectet',
366 372 508 424 inquit,
534 371 750 424 ‘patriam3
779 371 820 410 in
837 378 1049 423 conspectu
1064 371 1197 425 legum
1212 372 1488 424 libertatisque

152 441 366 482 moriatur'.
426 442 518 482 Non
549 449 594 482 tu
615 442 686 481 hoc
716 442 800 482 loco
820 442 1005 490 Gavium,
1028 456 1107 482 non
1134 456 1258 482 unum
1288 443 1487 482 hominem

151 513 283 553 nescio
301 526 431 566 quem,
454 513 523 553 sed
553 527 803 553 communem
831 513 1029 553 libertatis
1058 519 1100 553 et
1128 514 1302 554 civitatis
1331 528 1487 554 causam

150 584 193 623 in
229 583 344 624 illum
381 584 600 624 cruciatum
639 591 680 624 et
717 597 872 624 crucem
911 584 1038 637 egisti.
1099 584 1183 623 Iam
1221 598 1316 624 vero
1353 585 1488 625 videte

150 655 322 695 hominis
336 654 552 695 audaciam.
602 654 747 695 Nonne
763 669 854 695 eum
874 655 1051 708 graviter
1071 655 1210 696 tulisse
1224 656 1485 705 arbitramini,

150 725 259 778 quod
278 725 387 765 illam
407 726 558 766 civibus
579 726 768 766 Romanis
790 739 944 766 crucem
965 740 1045 766 non
1074 732 1208 779 posset
1227 727 1268 766 in
1287 727 1385 775 foro,
1409 740 1488 767 non

151 796 193 836 in
212 797 384 846 comitio,
406 810 486 837 non
505 797 546 836 in
566 797 705 837 rostris
725 797 898 851 defigere
915 799 928 837 2
984 797 1100 846 Quod
1121 798 1226 838 enim
1251 798 1312 837 his
1332 798 1427 838 locis
1446 799 1488 837 in

151 868 355 920 provincia
387 882 458 908 sua
496 868 725 909 celebritate
763 868 1020 917 simillimum,
1061 869 1222 923 regione
1261 870 1487 922 proximum

152 940 296 992 potuit,
341 939 486 994 elegit3
532 946 836 980 monumentum
884 940 1039 980 sceleris
1086 940 1353 993 audaciaeque
1394 954 1488 981 suae

151 1010 281 1050 voluit
299 1023 384 1051 esse
411 1011 453 1049 in
482 1016 695 1063 conspectu
725 1011 875 1060 Italiae,
898 1011 1097 1051 vestibulo
1127 1011 1294 1060 Siciliae,
1317 1017 1488 1064 praeter-

151 1082 333 1122 vectione
353 1082 542 1131 omnium‚
565 1083 633 1134 qui
653 1082 760 1122 ultro
780 1083 959 1135 citroque
979 1083 1225 1136 navigarent.

206 1152 250 1193 Si
278 1152 373 1192 haec
402 1166 481 1192 non
509 1152 561 1192 ad
595 1153 700 1192 cives
731 1153 941 1201 Romanos,
974 1167 1053 1193 non
1081 1153 1133 1193 ad
1161 1153 1315 1205 aliquos
1343 1153 1488 1193 amicos
1507 1160 1558 1199 67

152 1229 311 1264 nostrae
344 1224 529 1272 civitatis,
561 1237 639 1264 non
673 1224 724 1263 ad
758 1238 834 1272 eos,
871 1225 939 1276 qui
972 1224 1108 1277 populi
1142 1225 1312 1264 Romani
1345 1238 1489 1265 nomen

152 1295 369 1345 audissent,
387 1295 561 1347 denique
581 1296 613 1335 si
635 1309 714 1334 non
733 1295 785 1335 ad
806 1296 996 1344 homines,
1014 1309 1153 1336 verum
1173 1295 1224 1335 ad
1243 1296 1400 1344 bestias,
1418 1302 1490 1336 aut

153 1366 285 1415 etiam,
325 1372 373 1406 ut
413 1366 570 1419 longius
613 1367 856 1419 progrediar,
897 1367 929 1406 si
972 1367 1012 1405 in
1051 1366 1184 1418 aliqua
1221 1366 1489 1407 desertissima

152 1437 369 1477 solitudine
397 1437 448 1477 ad
477 1451 573 1477 saxa
602 1444 643 1477 ct
663 1437 844 1489 scopulos
873 1437 969 1477 haec
993 1438 1180 1489 conqueri
1209 1452 1253 1476 ac
1282 1437 1488 1490 deplorare

153 1508 308 1558 vellem,
344 1514 478 1548 tamen
512 1509 645 1548 omnia
678 1515 791 1548 muta
823 1514 944 1560 atque
978 1509 1152 1547 inanima
1186 1514 1299 1547 tanta
1332 1515 1373 1547 ct
1406 1514 1487 1547 tam

153 1579 319 1633 indigna
347 1593 480 1619 rerum
503 1579 719 1619 acerbitate
749 1584 1116 1619 commoverentur:
1152 1593 1256 1618 nunc
1275 1592 1369 1619 vero
1399 1591 1486 1618 cum

153 1650 294 1703 loquar
311 1650 419 1704 apud
439 1656 641 1690 senatores
670 1650 806 1702 populi
835 1650 1015 1698 Romani,
1038 1649 1172 1703 legum
1192 1656 1234 1690 et
1252 1649 1487 1690 iudiciorum

155 1727 197 1762 ct
215 1722 312 1762 iuris
339 1727 533 1770 auctores,
556 1722 697 1761 timere
726 1735 806 1761 non
825 1721 962 1770 debeo,
985 1733 1034 1760 ne
1063 1734 1143 1760 non
1171 1734 1274 1760 unus
1297 1721 1373 1760 iste
1393 1720 1489 1759 civis

156 1792 359 1832 Romanus
396 1791 464 1831 illa
498 1805 611 1832 cruce
644 1791 801 1845 dignus,
838 1792 959 1832 ceteri
993 1805 1130 1831 omnes
1163 1791 1282 1831 simili
1314 1790 1489 1844 periculo

154 1862 420 1916 indignissimi
450 1862 686 1902 iudicentur.
746 1862 886 1902 Paullo
914 1868 1019 1911 ante,
1048 1862 1208 1911 iudices,
1240 1862 1420 1902 lacrimas
1447 1861 1489 1900 in

155 1939 284 1974 morte
303 1934 446 1974 misera
465 1941 586 1986 atque
615 1933 794 1986 indignia
823 1933 1112 1973 nauarchorum
1136 1947 1215 1973 non
1244 1933 1488 1980 tenebamus

157 2011 199 2046 et
217 2011 324 2046 reete
342 2019 387 2045 ac
407 2006 550 2046 merito
571 2006 766 2045 sociorum
794 2005 1066 2045 innocentium
1095 2005 1252 2045 miseria
1275 2018 1491 2045 commove-

156 2076 320 2116 bamur:
369 2076 466 2128 quid
514 2090 618 2116 nunc
659 2077 701 2115 in
745 2082 880 2115 nostro
923 2077 1115 2129 sanguine
1158 2075 1321 2116 tandem
1362 2076 1491 2115 facere

157 2147 377 2187 debemus?
451 2146 557 2186 Nam
604 2147 749 2186 civium
797 2147 1068 2187 Romanorum
1111 2147 1289 2186 omnium
1331 2147 1492 2200 sanguis

159 2218 393 2258 coniunctus
427 2218 716 2258 existimandus
747 2223 818 2266 est,
852 2218 1040 2269 quoniam
1071 2224 1112 2258 et
1141 2217 1281 2257 salutis
1313 2217 1491 2257 omnium

160 2289 263 2328 ratio
283 2295 323 2328 ct
342 2289 490 2328 veritas
509 2289 697 2341 postulat.
757 2289 904 2329 Omnes
924 2289 997 2329 hoc
1017 2289 1102 2328 loco
1122 2289 1226 2328 cives
1249 2289 1429 2337 Romani,
1452 2294 1493 2328 et

161 2360 230 2412 qui
249 2359 397 2398 adsunt
412 2365 453 2398 et
472 2359 540 2411 qui
561 2359 707 2411 ubique
729 2365 832 2407 sunt,
855 2365 1029 2399 vestram
1049 2359 1302 2399 severitatem
1322 2359 1493 2399 desider-

161 2437 244 2479 ant,
267 2435 441 2470 vestram
462 2429 579 2469 fidem
601 2429 826 2481 implorant,
849 2436 1026 2469 vestrum
1046 2429 1239 2469 auxilium
1260 2429 1493 2481 requirunt3

1510 1246 1562 1274 171

1511 1877 1566 1905 172
