1700 2729
212 211 258 244 60
512 211 567 244 M.
604 211 640 245 'll
672 210 964 245 CICERONIS
988 210 1252 245 ACYJONJS
1389 207 1544 254 [56.146

212 323 386 363 venerat,
419 316 556 354 statim
587 315 705 354 certis
738 314 936 354 iudicibus
970 321 1011 354 ct
1044 315 1274 353 custodibus
1309 313 1545 362 tenebatur,

211 391 390 425 vectores
420 400 555 425 omnes
590 386 630 424 in
664 386 879 424 lautumias
913 386 1233 434 coniciebantur,
1271 398 1391 424 onera
1422 390 1544 436 atque

181 497 184 499 ,
211 469 358 496 merces
391 457 431 495 in
466 457 706 508 praetoriam
739 456 904 495 domum
935 456 1228 496 deferebantur.
1299 455 1544 495 Versabatur

211 526 251 564 in
285 527 418 566 Sicilia
451 527 571 580 longo
604 527 816 566 intervallo
849 527 960 574 alter,
997 541 1077 566 non
1116 527 1335 579 Dionysius
1372 526 1439 566 ille
1472 539 1543 565 nec

211 597 541 637 Phalaris—tulit
562 599 667 637 enim
687 598 754 637 illa
771 599 972 649 quondam
993 597 1122 637 insula
1141 597 1289 636 multos
1310 603 1351 636 et
1365 594 1544 636 crudeles

211 668 543 720 tyrannos,-—sed
573 668 775 719 quoddam
804 682 954 708 novum
981 674 1206 707 monstrum
1235 681 1286 707 ex
1313 672 1450 707 vetere
1475 667 1543 706 illa

211 739 470 787 immanitate,
512 753 613 791 quae
651 741 693 778 in
732 739 880 779 eisdem
922 740 1016 779 locis
1061 745 1218 778 versata
1262 752 1346 778 csse
1382 738 1540 778 dicitur.

136 811 191 847 146
211 809 303 849 Non
323 811 428 849 enim
449 810 697 863 Charybdim
728 816 810 849 tam
838 811 1026 849 infestam
1055 823 1183 861 neque
1213 809 1388 862 Scyllam
1410 809 1543 848 nautis

209 895 329 932 quam
348 882 470 920 istum
491 883 532 921 in
553 882 691 922 codem
721 883 825 922 freto
854 882 977 921 fuisse
1004 882 1201 931 arbitror3
1230 881 1304 920 hoc
1327 881 1448 921 etiam
1466 881 1543 920 iste

209 951 401 999 infestior,
425 953 533 1004 quod
552 953 681 992 multo
711 967 751 992 se
780 953 961 1004 pluribus
991 958 1032 991 et
1059 952 1361 991 immanioribus
1381 951 1542 991 canibus

209 1023 458 1062 succinxerat
472 1039 482 1073 3
521 1023 692 1076 Cyclops
721 1024 833 1072 alter,
865 1023 992 1062 multo
1020 1023 1310 1076 importunior:
1344 1023 1408 1061 hic
1437 1023 1542 1062 enim

209 1099 337 1132 totam
356 1094 527 1132 insulam
547 1095 766 1143 obsidebat,
789 1094 855 1133 ille
879 1096 1054 1133 Aetnam
1075 1093 1199 1132 solam
1219 1099 1260 1132 et
1279 1107 1366 1132 eam
1385 1093 1543 1133 Siciliae

209 1170 363 1216 partem
384 1165 558 1204 tenuisse
579 1165 737 1203 dicitur.

262 1237 321 1274 At
349 1250 449 1287 quae
479 1250 594 1275 causa
624 1242 710 1275 tum
740 1236 1010 1275 subiciel-›atur
1037 1236 1087 1274 ab
1115 1236 1212 1287 ipso,
1241 1235 1401 1284 iudices,
1423 1236 1542 1275 huius

209 1312 292 1345 tam
321 1307 496 1346 nefariae
526 1307 804 1346 crudelitatis?
870 1307 1031 1355 Eadem,
1063 1321 1164 1358 quae
1197 1320 1302 1345 nunc
1335 1307 1377 1345 in
1409 1306 1542 1346 defen-

208 1377 318 1416 sione
338 1378 722 1417 commemorabitur.
779 1378 1013 1430 Quicunque
1032 1382 1277 1417 accesserant
1295 1377 1347 1416 ad
1366 1377 1541 1417 Siciliam

207 1447 341 1500 paullo
361 1447 568 1499 pleniores,
587 1462 652 1487 eos
673 1449 923 1488 Sertorianos
943 1449 1090 1488 milites
1111 1461 1194 1488 esse
1214 1454 1334 1499 atque
1353 1462 1377 1486 a
1395 1447 1542 1487 Dianio

208 1519 346 1572 fugere
379 1519 547 1558 dicebat.
607 1519 671 1558 Illi
705 1519 756 1558 ad
789 1520 1084 1572 deprecandum
1116 1518 1335 1571 periculum
1372 1518 1543 1570 profere-

208 1590 315 1638 bant,
338 1590 405 1629 alii
426 1604 645 1642 purpuram
674 1591 848 1643 Tyriam,
871 1597 937 1630 tus
966 1591 1033 1630 alii
1062 1597 1183 1642 atque
1212 1590 1352 1630 odores
1375 1595 1542 1629 vestem-

208 1674 284 1711 que
322 1660 498 1707 linteam,
539 1675 716 1714 gemmas
755 1661 823 1700 alii
861 1667 902 1700 et
939 1662 1185 1714 margaritas,
1225 1661 1319 1700 vina
1360 1660 1542 1700 nonnulli

207 1732 359 1770 Graeca
378 1732 618 1783 venalesque
643 1733 851 1780 Asiaticos,
874 1738 921 1771 ut
943 1732 1244 1785 intellegeretur
1264 1745 1314 1771 cx
1333 1732 1539 1780 mercibus,

209 1803 353 1853 quibus
387 1816 437 1841 ex
469 1803 564 1842 locis
598 1804 844 1856 navigarent.
917 1803 1011 1842 Non
1048 1803 1308 1855 providerant
1340 1816 1404 1842 eas
1437 1803 1542 1855 ipsas

209 1873 284 1911 sibi
304 1887 440 1912 causas
470 1887 553 1912 esse
582 1874 758 1925 periculi,
781 1875 924 1926 quibus
953 1875 1199 1927 argumentis
1228 1888 1269 1913 se
1297 1874 1349 1913 ad
1371 1874 1542 1914 salutem

207 1944 269 1982 uti
306 1945 617 1984 arbitrabantur.
696 1945 778 1984 Iste
817 1946 923 1984 enim
969 1946 1065 1985 haec
1112 1959 1178 1985 eos
1225 1959 1275 1984 ex
1320 1945 1541 1997 piratarum

209 2015 398 2054 societate
427 2015 594 2067 adeptos
625 2029 708 2055 esse
737 2016 918 2065 dicebat,-
950 2017 1056 2068 ipsos
1085 2016 1127 2054 in
1154 2016 1369 2055 lautumias
1397 2016 1541 2055 abduci

208 2086 440 2138 imperabat,
464 2100 586 2126 naves
612 2100 749 2126 eorum
775 2092 895 2138 atque
922 2100 1041 2126 onera
1060 2087 1274 2140 diligenter
1292 2086 1541 2126 adservanda

209 2158 382 2196 curabat.

138 2230 189 2269 57
262 2229 338 2267 His
371 2229 569 2268 institutis
609 2243 698 2268 cum
737 2229 956 2281 completus
994 2230 1073 2268 iam
1110 2234 1376 2268 mercatorum
1409 2241 1540 2268 carcer

136 2318 191 2346 147
209 2306 321 2347 esset,
353 2305 441 2338 tum
468 2300 537 2338 illa
565 2300 724 2347 fiebant,
757 2314 858 2351 quae
892 2300 934 2339 L.
967 2300 1162 2348 Suetium,
1194 2300 1370 2351 equitem
1397 2300 1540 2339 Roma-

208 2384 314 2417 num,
346 2369 604 2409 lectissimum
634 2371 775 2418 virum,
807 2370 937 2410 dicere
970 2371 1149 2419 audistis,
1182 2376 1223 2409 et
1253 2384 1354 2421 quae
1387 2375 1538 2409 ceteros

207 2442 387 2480 audietis.
461 2442 643 2481 Cervices
677 2442 718 2480 111
753 2455 904 2481 carcere
938 2442 1226 2495 frangebantur
1263 2441 1538 2494 indignissime
