1674 2729
108 197 240 246 1231]
284 199 353 235 IN
375 198 563 235 GAIUM
593 199 824 235 VERREM
845 200 1151 236 SECUNDAE
1176 203 1275 237 Llh‘.
1306 204 1339 237 1⁷.
1396 213 1436 247 13

106 303 175 355 qui
194 302 331 356 populi
352 303 521 343 Romani
542 303 696 357 legibus
718 316 921 356 nunquam
941 305 1148 357 paruisset,
1171 305 1246 344 illis
1271 305 1434 359 legibus,

106 386 209 426 quae
254 373 297 413 in
343 373 494 426 poculis
546 374 807 426 ponebantur,
856 374 1076 428 diligentur
1123 375 1433 427 obtemperabat.

106 443 249 496 Itaque
268 450 384 484 erant
412 445 544 484 exitus
565 445 649 484 eius
678 444 796 493 modi,
819 451 866 484 ut
884 444 984 484 alius
1009 445 1114 485 inter
1133 459 1273 485 manus
1303 460 1322 485 c
1352 460 1437 486 con-

105 515 214 556 vivio
233 521 438 568 tamquam
459 529 478 556 e
499 516 649 568 proelio
677 516 913 565 auferretur,
936 517 1036 556 alius
1057 523 1259 569 tamquam
1289 518 1437 557 occisus

104 585 409 639 relinqueretur,
431 587 609 640 plerique
630 594 676 626 ut
696 588 772 627 fusi
794 588 878 628 sinc
898 595 1031 628 mcntc
1051 602 1095 627 ac
1115 588 1199 628 sine
1219 588 1301 628 ullo
1321 602 1438 628 sensu

103 657 302 699 iacerent:
331 665 379 698 ut
407 659 548 711 quivis,
580 672 669 698 cum
698 660 928 712 aspexisset,
951 673 1030 699 non
1059 673 1100 699 se
1129 660 1322 712 praetoris
1352 674 1438 700 con-

105 728 269 778 vivium,
291 729 362 770 sed
390 736 438 769 ut
465 729 716 770 Cannensem
742 744 915 784 pugnam
948 731 1149 782 nequitiae
1175 731 1310 771 videre
1338 731 1438 770 arbi-

106 806 291 840 traretur.
369 799 471 840 Cum
505 814 600 841 vero
633 808 762 840 aestas
796 815 950 840 summa
984 815 1067 842 esse
1101 808 1294 854 coeperat,
1331 800 1437 853 quod
1459 804 1508 842 12

106 877 265 924 tempus
284 884 422 911 omnes
451 871 607 912 Siciliae
637 885 792 924 semper
811 878 1014 924 praetores
1043 872 1084 910 in
1112 872 1322 911 itineribus
1351 885 1438 910 con·
1457 887 1496 915 29

106 955 263 982 sumere
282 948 535 990 consuerunt,
557 948 768 995 propterea
788 943 894 994 quod
925 950 1019 982 tunc
1039 948 1185 994 putant
1213 941 1437 982 obeundam

105 1024 190 1052 esse
209 1011 383 1052 maxime
401 1012 657 1064 provinciam,
681 1026 770 1052 cum
793 1013 834 1051 in
853 1013 954 1052 areis
975 1013 1175 1052 frumenta
1204 1018 1308 1060 sunt,
1331 1012 1437 1064 quod

106 1088 148 1122 et
169 1082 344 1122 familiae
372 1089 667 1136 congregantur
687 1090 728 1123 et
756 1083 992 1137 magnitudo
1021 1083 1173 1122 servitii
1202 1083 1439 1135 perspicitur

106 1159 148 1192 et
165 1152 278 1193 labor
297 1153 426 1205 operis
447 1153 619 1193 maxime
649 1153 826 1202 offendit,
850 1154 1040 1193 frumenti
1061 1154 1172 1206 copia
1201 1159 1435 1200 commonet,

105 1230 264 1277 tempus
292 1225 387 1264 anni
416 1238 496 1264 non
524 1224 716 1277 impedit:
752 1231 849 1273 tum,
880 1225 1054 1277 inquam,
1086 1238 1175 1264 cum
1204 1231 1439 1264 concursant

105 1295 227 1336 ceteri
282 1301 496 1348 praetores,
546 1297 621 1336 iste
668 1310 772 1336 novo
819 1296 991 1348 quodam
1033 1309 1177 1350 genere
1223 1296 1438 1348 imperator

104 1366 372 1420 pulcherrimo
391 1367 679 1421 Syracusarum
707 1367 793 1408 loco
822 1368 969 1407 stativa
997 1367 1071 1406 sibi
1101 1373 1228 1406 castra
1257 1367 1434 1406 faciebat.

106 1437 213 1477 Nam
240 1438 283 1477 in
310 1438 397 1490 ipso
416 1438 531 1478 aditu
559 1444 680 1491 atque
709 1452 776 1478 ore
805 1445 955 1491 portus,
977 1439 1046 1477 ubi
1075 1438 1248 1490 primum
1277 1451 1328 1477 ex
1355 1437 1437 1476 alto
1457 1455 1496 1484 30

106 1508 217 1548 sinus
235 1508 286 1548 ab
313 1507 431 1548 litore
460 1508 511 1548 ad
540 1509 680 1548 urbem
710 1509 938 1557 inflectitur,
962 1508 1216 1548 tabernacula
1245 1508 1437 1547 carbaseis

106 1580 264 1620 intenta
282 1579 380 1620 velis
404 1579 630 1620 collocabat.
690 1580 781 1620 Huc
802 1594 852 1620 ex
872 1580 939 1619 illa
959 1580 1077 1620 domo
1106 1580 1314 1632 praetoria,
1337 1592 1437 1631 quae

106 1651 212 1704 regis
241 1651 429 1692 Hieronis
459 1652 548 1700 fuit,
585 1652 639 1691 sic
669 1651 901 1705 emigrabat,
933 1657 979 1690 ut
1009 1665 1099 1691 eum
1133 1664 1203 1703 per
1231 1650 1318 1690 illos
1351 1649 1436 1689 dies

107 1735 224 1762 nemo
257 1728 373 1762 extra
404 1721 518 1761 illum
551 1722 682 1762 locum
715 1722 850 1762 videre
884 1728 1027 1774 posset.
1098 1721 1146 1760 In
1179 1735 1269 1761 eum
1301 1726 1436 1760 autem

106 1794 238 1846 ipsum
270 1792 401 1833 locum
428 1792 562 1832 aditus
591 1799 678 1833 erat
710 1793 870 1840 nemini,
903 1792 979 1831 nisi
1007 1792 1075 1844 qui
1108 1797 1180 1830 aut
1207 1791 1334 1831 socius
1367 1796 1438 1829 aut

107 1864 290 1904 minister
317 1863 495 1904 libidinis
528 1877 611 1904 esse
641 1870 784 1916 posset.
844 1863 935 1903 Huc
964 1876 1100 1902 omnes
1128 1862 1323 1909 mulieres,
1355 1861 1437 1912 qui-

107 1934 274 1974 buscum
306 1935 382 1974 iste
416 1941 635 1983 consuerat,
671 1934 970 1982 conveniebant,
1007 1946 1175 1985 quarum
1207 1931 1436 1971 incredibile

108 2010 171 2046 est
188 2011 339 2058 quanta
366 2005 586 2045 multitudo
606 2005 730 2045 fuerit
757 2005 963 2058 Syracusis
977 2020 987 2054 ,-
1016 2004 1092 2043 huc
1118 2003 1297 2043 homines
1325 2001 1437 2055 digni

107 2075 224 2115 istius
269 2075 454 2124 amicitia,
495 2076 607 2130 digni
653 2077 738 2115 vita
784 2075 852 2114 illa
899 2074 1168 2125 conviviisque
1210 2072 1433 2112 veniebant.

108 2145 221 2186 Inter
239 2146 324 2186 eius
343 2147 452 2187 modi
471 2147 578 2187 viros
599 2153 640 2187 et
658 2146 843 2186 mulieres
869 2145 1008 2185 adulta
1027 2150 1158 2184 aetate
1178 2143 1281 2182 filius
1310 2156 1437 2182 versa-

106 2217 238 2266 batur,
273 2223 322 2258 ut
358 2231 460 2266 eum,
497 2219 617 2258 etiam
652 2219 685 2258 si
723 2224 867 2257 natura
903 2232 927 2257 a
963 2216 1138 2269 parentis
1177 2213 1436 2254 similitudine

107 2288 319 2341 abriperet,
351 2289 597 2328 consuetudo
631 2295 764 2328 tamen
797 2302 842 2327 ac
877 2287 1085 2340 disciplina
1116 2285 1241 2338 patris
1269 2283 1435 2323 similem

109 2373 194 2400 esse
223 2365 391 2413 cogeret.
453 2359 543 2399 Huc
572 2359 709 2399 Tertia
738 2359 805 2398 illa
834 2357 1025 2411 perducta
1053 2370 1123 2408 per
1151 2354 1286 2394 dolum
1317 2360 1437 2405 atque
1457 2369 1490 2398 3¹

108 2429 272 2470 insidias
311 2429 379 2484 [ab
416 2429 573 2470 Rhodio
612 2428 790 2483 tibicine]
830 2429 1022 2468 maximas
1060 2427 1100 2465 in
1139 2425 1253 2464 istius
1300 2424 1437 2462 castris
