1700 2729
202 218 246 252 30
500 207 556 240 M.
589 206 628 240 T.
659 204 949 241 CICERONIS
974 203 1239 239 ACTJONIS
1403 201 1473 248 [28.
1489 203 1533 238 72

201 313 424 352 habuerant
443 318 514 350 aut
529 312 690 358 formae,
713 309 947 358 abduxerat,
965 309 1137 361 reliquos
1157 309 1200 356 si,
1223 314 1269 347 ut
1289 307 1534 348 consuetudo

201 388 272 431 est,
298 382 505 422 universos
536 381 587 420 ad
618 380 753 433 palum
783 380 1009 433 adligasset,
1043 379 1254 419 clamorem
1284 378 1422 431 populi
1449 378 1534 418 fore

201 454 486 507 suspicabatur,
510 466 599 492 cum
619 457 733 491 tanto
753 451 886 504 plures
913 451 1075 490 abducti
1105 457 1236 490 essent
1255 464 1375 502 quam
1393 449 1531 490 relicti.

200 526 371 578 Propter
401 525 502 563 hanc
541 537 699 562 causam
733 537 822 562 cum
850 523 1092 562 instituisset
1121 522 1218 561 alios
1248 521 1325 561 alio
1356 527 1535 573 tempore

200 596 428 650 producere,
470 600 605 634 tamen
643 593 685 632 in
732 598 846 632 tanto
894 599 1094 632 conventu
1140 606 1256 632 nemo
1303 597 1398 640 erat,
1439 592 1536 643 quin

200 668 397 707 rationem
426 677 716 716 munerumque
745 664 911 704 halmret
931 670 971 703 et
990 664 1162 715 reliquos
1191 677 1271 702 non
1290 662 1537 702 desideraret

144 758 182 786 72
201 738 339 785 solum,
381 737 450 776 sed
489 736 611 776 etiam
648 741 828 788 posceret
867 740 908 774 et
945 734 1155 787 flagitaret.
1229 733 1331 773 Cum
1368 747 1536 787 magnus

201 821 390 848 numerus
419 807 585 854 deesset,
609 812 696 845 tum
725 806 800 845 iste
820 805 940 844 homo
969 805 1143 844 nefarius
1166 805 1208 843 in
1237 817 1374 843 eorum
1392 803 1534 852 locum,

202 893 300 932 quos
339 879 504 918 domum
542 892 655 917 suam
688 877 737 917 de
771 877 911 929 piratis
944 876 1178 924 abduxerat,
1215 875 1458 915 substituere
1496 880 1538 915 et

202 963 424 1003 supponere
455 949 586 1001 coepit
616 949 721 987 cives
752 948 963 996 Romanos,
995 960 1094 999 quos
1122 947 1164 985 in
1195 959 1390 986 carcerem
1419 951 1538 985 antea

202 1023 424 1062 coniecerat
439 1037 450 1071 3
478 1034 649 1072 quorum
668 1019 766 1059 alios
790 1019 1041 1059 Sertorianos
1069 1018 1216 1057 milites
1236 1017 1358 1057 fuisse
1376 1017 1537 1059 insimu-

202 1095 312 1134 labat
341 1099 381 1133 et
410 1106 461 1132 ex
489 1092 685 1144 Hispania
715 1091 916 1144 fugientes
946 1091 998 1130 ad
1028 1090 1203 1130 Siciliam
1233 1088 1420 1142 adpulsos
1453 1102 1537 1129 esse

203 1166 385 1214 dicebat,
413 1164 521 1212 alios,
559 1164 627 1215 qui
660 1177 683 1202 a
716 1162 984 1215 praedonibus
1018 1162 1123 1214 capti
1157 1167 1280 1209 erant,
1317 1174 1407 1200 cum
1439 1174 1536 1200 mer-

204 1243 359 1277 caturas
390 1236 568 1275 facerent
605 1239 676 1273 aut
706 1233 880 1285 aliquam
911 1234 962 1272 ob
993 1246 1151 1272 causam
1184 1232 1430 1286 navigarent,
1467 1245 1538 1271 sua

203 1308 412 1348 voluntate
443 1320 533 1345 cum
563 1305 703 1358 piratis
734 1305 855 1344 fuisse
886 1304 1089 1358 arguebat.
1160 1304 1302 1355 Itaque
1332 1303 1400 1342 alii
1432 1303 1537 1343 cives

204 1379 386 1427 Romani,
408 1391 457 1417 ne
478 1382 820 1430 cognoscerentur,
842 1375 1034 1415 involutis
1055 1389 1075 1415 e
1096 1389 1248 1415 carc-ere
1272 1375 1466 1427 capitibus
1485 1373 1538 1413 ad

204 1451 339 1505 palum
372 1456 493 1501 atque
526 1448 578 1487 ad
608 1462 744 1488 necem
782 1448 1040 1500 rapiebantur
1054 1463 1064 1497 3
1111 1447 1188 1495 alii,
1225 1461 1314 1486 cum
1347 1460 1371 1485 a
1400 1446 1538 1485 multis

206 1523 357 1562 civibus
373 1520 563 1560 Romanis
585 1524 927 1573 cognoscerentur,
943 1519 993 1557 ab
1013 1519 1197 1558 omnibus
1212 1517 1535 1566 defenderentur,

205 1594 332 1634 securi
369 1592 625 1632 feriebantur.
712 1590 891 1640 Quorum
929 1603 1002 1643 ego
1035 1590 1085 1629 de
1123 1589 1374 1629 acerbissima
1409 1593 1538 1628 morte

206 1664 556 1715 crudelissimoque
588 1662 766 1701 cruciatu
795 1661 935 1709 dicam,
968 1674 1058 1700 cum
1088 1674 1179 1700 eum
1206 1660 1338 1699 locum
1368 1664 1539 1699 tractare

206 1750 381 1789 coepero,
405 1740 445 1774 et
464 1735 521 1773 ita
541 1733 680 1781 dicam,
698 1738 755 1780 ut,
774 1733 806 1771 si
822 1746 885 1771 me
904 1732 946 1770 in
967 1745 1012 1771 ea
1031 1731 1289 1783 querimonia,
1311 1744 1431 1783 quam
1450 1744 1539 1770 sum

206 1808 416 1847 habiturus
445 1805 495 1844 de
524 1805 639 1843 istius
673 1803 909 1843 crudelitate
939 1809 980 1842 et
1007 1803 1057 1842 de
1088 1803 1235 1842 civium
1267 1802 1539 1842 Romanorum

206 1877 484 1931 indignissima
516 1880 655 1923 morte,
697 1888 777 1914 non
814 1874 934 1913 modo
966 1874 1082 1922 vires,
1118 1887 1258 1913 verum
1295 1873 1417 1913 etiam
1454 1873 1539 1912 vita

150 1970 189 1999 73
207 1950 376 1996 deficiat,
412 1947 455 1986 id
488 1946 586 1986 mihi
619 1945 866 1998 praeclarum
897 1950 938 1984 et
968 1945 1186 1984 iucundum
1215 1950 1364 1997 putem.
1428 1943 1539 1983 Haec

207 2022 332 2075 igitur
365 2024 426 2059 est
458 2023 572 2072 gesta
603 2031 676 2065 res,
713 2017 808 2056 haec
841 2016 1008 2056 victoria
1038 2015 1261 2068 praeclara:
1295 2028 1538 2068 myoparone

207 2092 374 2145 piratico
408 2095 523 2142 capto
557 2088 642 2127 dux
671 2087 873 2135 liberatus,
905 2087 1179 2140 symphoniaci
1209 2087 1378 2126 Romam
1405 2086 1515 2125 missi
1529 2101 1540 2136 5

208 2163 372 2204 formosi
390 2161 570 2201 homines
587 2166 628 2199 et
642 2159 915 2199 adulescentes
936 2164 976 2198 et
991 2159 1160 2198 artifices
1181 2157 1345 2197 domum
1363 2156 1536 2205 abducti,

208 2236 250 2275 in
288 2247 426 2274 eorum
462 2232 594 2271 locum
632 2236 673 2271 et
710 2230 762 2270 ad
800 2244 937 2270 eorum
978 2243 1190 2270 numerum
1227 2229 1331 2269 cives
1369 2228 1539 2268 Romani

209 2305 394 2346 hostilem
413 2304 456 2342 in
475 2302 639 2342 modum
659 2302 821 2341 cruciati
843 2307 883 2340 et
898 2301 1027 2340 necati
1041 2316 1051 2350 ,-
1080 2300 1207 2339 omnis
1227 2299 1350 2339 vestis
1369 2298 1536 2347 sublata,

209 2390 325 2418 omne
345 2388 487 2415 aurum
507 2380 547 2413 et
566 2378 778 2426 argentum
797 2372 976 2411 ablatum
996 2378 1037 2411 et
1055 2385 1249 2411 aversum.

138 2440 190 2480 29
264 2449 321 2487 At
341 2459 457 2498 quem
478 2444 529 2484 ad
549 2444 712 2484 modum
739 2445 823 2496 ipse
847 2457 888 2483 se
911 2443 1044 2482 induit
1072 2443 1202 2495 priore
1222 2441 1406 2482 actione?
1461 2440 1538 2490 Qui
