1700 2729
214 209 260 251 46
514 210 569 244 Μ.
604 211 642 244 Τ.
673 209 964 245 CICERONIS
987 209 1252 245 ACTJONJS
1393 207 1543 254 [43.111

143 315 195 353 43
213 338 266 342 —
295 313 404 352 Dicit
433 314 553 352 ctiam
583 327 739 352 causam
769 313 977 352 Heraclius
1007 316 1258 366 Segestanus,
1291 314 1409 352 homo
1437 312 1546 351 domi

139 398 192 417 111

134 1102 189 1122 112

213 398 305 423 suae
335 384 579 423 nobilissimo
608 384 693 424 loco
720 391 847 423 natus
908 385 1069 433 Audite,
1092 391 1139 423 ut
1158 391 1290 424 vestra
1319 384 1546 423 humanitas

212 455 399 507 postulat,
436 455 610 504 iudices,-
652 455 822 494 audietis
863 455 968 494 enim
1005 455 1056 494 de
1094 456 1247 507 magnis
1285 453 1546 494 incommodis

211 527 444 578 iniuriisque
473 527 679 565 sociorum.
739 526 858 564 Hunc
878 527 1019 565 scitote
1040 526 1160 565 fuisse
1190 526 1420 566 Heraclium
1439 526 1481 565 in
1502 539 1547 565 ea

211 611 337 645 causa,
374 597 442 648 qui
480 603 644 648 propter
681 609 844 649 gravem
881 597 1065 636 morbum
1099 597 1303 636 oculorum
1341 603 1428 636 tum
1467 610 1546 635 non

211 668 410 720 navigarit
430 673 470 706 et
490 667 600 705 iussu
620 667 714 714 eius,
737 667 804 718 qui
825 672 1066 718 potestatem
1087 668 1238 715 habuit,
1261 668 1302 706 in
1323 673 1546 707 commeatu

211 738 416 790 Syracusis
455 737 699 776 remanserit.
778 737 817 775 Is
856 742 960 776 certe
1000 751 1127 788 neque
1166 737 1329 776 classem
1367 737 1547 789 prodidit

210 822 337 859 neque
369 815 479 847 metu
512 807 731 846 exercitum
761 806 947 846 deseruit.
1017 807 1178 846 Etenim
1211 814 1307 846 tunc
1338 813 1442 847 esset
1471 807 1545 847 hoc

208 878 620 926 animadvertendum,
639 891 728 916 cum
744 877 877 916 classis
898 877 1104 929 Syracusis
1124 878 1454 930 proficiscebatur.
1505 878 1545 917 Is

209 956 343 989 tamen
371 950 413 988 in
434 949 572 988 eadem
593 962 709 987 causa
734 948 823 996 fuit,
846 949 958 999 quasi
989 955 1091 988 esset
1110 949 1152 987 in
1171 949 1304 1000 aliquo
1332 949 1544 988 manifesto

208 1021 351 1060 scelere
372 1020 652 1072 deprehensus,
674 1020 716 1058 111
736 1033 854 1071 quem
874 1033 923 1058 ne
947 1019 1037 1058 falsi
1057 1019 1218 1071 quidem
1239 1033 1354 1059 causa
1374 1020 1543 1060 conferri

208 1091 382 1129 criminis
401 1091 545 1142 potuit.
604 1090 700 1129 Fuit
714 1090 756 1128 in
775 1089 853 1128 illis
869 1090 1078 1128 nauarchis
1098 1090 1364 1129 Heracliensis
1380 1090 1542 1142 quidam

206 1162 351 1201 Furius
379 1187 432 1191 —
461 1175 552 1200 nam
581 1161 731 1200 habent
758 1160 817 1198 illi
845 1160 1036 1199 nonnulla
1066 1161 1229 1200 huiusce
1258 1160 1366 1200 modi
1398 1160 1543 1200 Latina

207 1234 370 1291 nomina
387 1259 440 1262 —
459 1233 588 1280 homo,
606 1245 726 1283 quam
741 1231 811 1270 diu
826 1232 941 1280 vixit,
959 1246 1039 1271 non
1053 1231 1161 1271 domi
1181 1245 1275 1271 suae
1295 1232 1433 1280 solum,
1451 1238 1543 1284 post

206 1311 376 1344 mortem
391 1311 477 1343 tota
497 1303 631 1343 Sicilia
647 1302 774 1341 clarus
791 1309 831 1341 et
847 1302 998 1341 nobilis.
1045 1303 1093 1341 In
1109 1316 1187 1354 quo
1207 1303 1366 1342 homine
1381 1309 1541 1342 tantum

205 1376 328 1414 animi
357 1376 445 1423 fuit,
468 1389 548 1414 non
577 1374 705 1413 solum
734 1380 781 1412 ut
809 1374 931 1412 istum
960 1374 1083 1413 libere
1112 1374 1288 1413 laederet
1306 1399 1359 1404 —
1378 1387 1471 1412 nam
1498 1374 1541 1413 id

205 1447 377 1497 quidem,
396 1447 584 1498 quoniam
598 1444 855 1484 moriundum
870 1445 1044 1492 videbat,
1063 1445 1147 1483 sine
1166 1444 1341 1496 periculo
1357 1458 1398 1483 se
1413 1444 1541 1484 facere

204 1517 464 1570 intellegebat
486 1542 549 1563 —,
572 1529 712 1554 verum
741 1520 870 1554 morte
898 1515 1112 1566 proposita,
1145 1528 1234 1553 cum
1262 1514 1471 1553 lacrimans
1499 1515 1541 1553 in

204 1602 356 1627 carcere
385 1594 513 1627 mater
539 1592 674 1626 noctes
694 1586 857 1638 diesque
877 1586 1088 1634 adsideret,
1111 1586 1382 1625 defensionem
1402 1600 1541 1625 causae

203 1659 383 1711 scripsit,
413 1672 532 1710 quam
561 1671 665 1696 nunc
695 1671 811 1696 nemo
838 1663 899 1696 est
918 1657 959 1695 in
988 1656 1121 1696 Sicilia
1141 1657 1237 1708 quin
1266 1656 1421 1705 habeat,
1444 1656 1541 1707 quin

202 1730 320 1782 legat,
344 1730 440 1781 quin
469 1730 530 1767 tui
559 1728 716 1768 sceleris
746 1734 786 1767 et
806 1727 1054 1766 crudelitatis
1075 1741 1125 1766 ex
1144 1727 1212 1765 illa
1241 1727 1420 1766 oratione
1441 1740 1541 1766 com-

203 1801 400 1840 monefiat.
487 1799 535 1838 In
578 1812 656 1850 qua
698 1798 825 1846 docet,
871 1804 970 1849 quot
1011 1812 1033 1837 a
1076 1798 1238 1837 civitate
1281 1812 1352 1837 sua
1398 1803 1540 1837 nautas

202 1871 407 1923 acceperit,
440 1876 538 1921 quot
572 1876 612 1908 et
641 1870 781 1920 quanti
810 1883 1007 1920 quemque
1036 1868 1243 1917 dimiserit,
1275 1874 1374 1920 quot
1406 1882 1540 1908 secum

202 1943 388 1981 habuerit
403 1957 411 1990 ;
444 1942 542 1980 item
561 1941 612 1979 de
633 1941 772 1979 ceteris
793 1940 960 1979 navibus
981 1940 1101 1979 dicit:
1132 1953 1233 1991 quae
1253 1953 1344 1978 cum
1362 1940 1471 1991 apud
1499 1946 1540 1980 te

203 2013 363 2060 diceret,
395 2012 517 2064 virgis
547 2011 649 2050 oculi
678 2011 1002 2050 verberabantur.
1075 2010 1148 2050 Ille
1177 2016 1306 2050 morte
1336 2011 1540 2063 proposita

203 2084 317 2123 facile
359 2083 536 2122 dolorem
580 2082 753 2134 corporis
795 2082 1024 2134 patiebatiu·
1038 2097 1048 2131 3
1095 2082 1302 2130 clamabat,
1346 2082 1390 2121 id
1431 2082 1539 2133 quod

203 2156 395 2207 scriptum
414 2154 599 2205 reliquit:
627 2153 780 2204 facinus
800 2166 871 2192 esse
891 2153 1096 2204 indissnum,
1121 2154 1210 2204 plus
1230 2153 1539 2204 impudicissimae

204 2227 367 2266 mulieris
395 2226 496 2277 apud
524 2229 554 2264 te
584 2225 626 2264 de
657 2225 854 2263 Cleomenis
882 2225 997 2263 salute
1025 2225 1125 2263 scuria
1157 2238 1263 2275 quam
1293 2224 1336 2263 de
1364 2237 1431 2263 sua
1464 2225 1539 2263 vita

130 2317 185 2345 113
205 2298 374 2336 lam-nnus
391 2298 518 2336 matris
535 2296 657 2334 valere.
707 2295 863 2334 Deinde
884 2295 1005 2333 etiam
1024 2294 1125 2334 illud
1140 2295 1257 2334 video
1273 2308 1357 2334 esse
1371 2294 1535 2343 dictum,

203 2367 320 2419 quod,
344 2368 376 2406 si
395 2373 501 2406 recte
521 2380 591 2406 vos
620 2365 789 2418 populus
810 2365 1013 2404 Romanus
1034 2366 1231 2418 cognovit,
1253 2378 1334 2404 non
1352 2365 1452 2404 falso
1470 2364 1538 2405 ille

203 2439 251 2477 de
278 2439 390 2477 vobis
418 2438 498 2476 iam
526 2438 567 2475 in
596 2442 724 2476 morte
752 2437 838 2488 ipsa
866 2436 1132 2487 praedicavit:
1167 2449 1239 2475 non
1259 2449 1364 2487 posse
1390 2436 1537 2475 Verre-m
