<?xml version="1.0" encoding="UTF-8"?>
<!DOCTYPE html PUBLIC "-//W3C//DTD XHTML 1.0 Transitional//EN"
    "http://www.w3.org/TR/xhtml1/DTD/xhtml1-transitional.dtd">
<html xmlns="http://www.w3.org/1999/xhtml" xml:lang="en" lang="en">
 <head>
  <title>
</title>
<meta http-equiv="Content-Type" content="text/html;charset=utf-8" />
  <meta name='ocr-system' content='tesseract 3.04.00' />
  <meta name='ocr-capabilities' content='ocr_page ocr_carea ocr_par ocr_line ocrx_word'/>
</head>
<body>
  <div class='ocr_page' id='page_1' title='image "actionisingverre00ciceuoft_0088.png"; bbox 0 0 1700 2729; ppageno 0'>
   <div class='ocr_carea' id='block_1_1' title="bbox 225 215 1554 262">
    <p class='ocr_par' dir='ltr' id='par_1_1' title="bbox 225 215 1554 262">
     <span class='ocr_line' id='line_1_1' title="bbox 225 215 1554 262; baseline -0.002 -10"><span class='ocrx_word' id='word_1_1' title='bbox 225 218 269 253; x_wconf 86' lang='grc'>68</span> <span class='ocrx_word' id='word_1_2' title='bbox 522 219 579 254; x_wconf 88' lang='lat' dir='ltr'>M.</span> <span class='ocrx_word' id='word_1_3' title='bbox 611 219 650 254; x_wconf 87' lang='lat' dir='ltr'>T.</span> <span class='ocrx_word' id='word_1_4' title='bbox 681 217 970 254; x_wconf 82' lang='lat' dir='ltr'><em>CICERONIS</em></span> <span class='ocrx_word' id='word_1_5' title='bbox 993 217 1259 253; x_wconf 83' lang='lat' dir='ltr'><em>ACTIONIS</em></span> <span class='ocrx_word' id='word_1_6' title='bbox 1399 215 1554 262; x_wconf 66' lang='grc'><strong>[63164</strong></span> 
     </span>
    </p>
   </div>
   <div class='ocr_carea' id='block_1_2' title="bbox 148 321 1556 2504">
    <p class='ocr_par' dir='ltr' id='par_1_2' title="bbox 224 321 1555 660">
     <span class='ocr_line' id='line_1_2' title="bbox 225 321 1554 374; baseline -0.002 -12"><span class='ocrx_word' id='word_1_7' title='bbox 225 323 387 372; x_wconf 84' lang='grc'><strong>1101111111,</strong></span> <span class='ocrx_word' id='word_1_8' title='bbox 419 323 512 362; x_wconf 87' lang='lat' dir='ltr'>testi</span> <span class='ocrx_word' id='word_1_9' title='bbox 541 336 629 362; x_wconf 90' lang='lat' dir='ltr'>meo</span> <span class='ocrx_word' id='word_1_10' title='bbox 644 339 654 373; x_wconf 78' lang='lat'><em>3</em></span> <span class='ocrx_word' id='word_1_11' title='bbox 683 330 724 363; x_wconf 89' lang='lat' dir='ltr'>et</span> <span class='ocrx_word' id='word_1_12' title='bbox 751 322 1018 370; x_wconf 82' lang='lat' dir='ltr'>Glabrionem,</span> <span class='ocrx_word' id='word_1_13' title='bbox 1049 322 1091 361; x_wconf 88' lang='lat' dir='ltr'>id</span> <span class='ocrx_word' id='word_1_14' title='bbox 1124 322 1231 374; x_wconf 89' lang='lat' dir='ltr'>quod</span> <span class='ocrx_word' id='word_1_15' title='bbox 1265 321 1554 374; x_wconf 74' lang='lat' dir='ltr'>sapientissime</span> 
     </span>
     <span class='ocr_line' id='line_1_3' title="bbox 224 391 1554 445; baseline -0.002 -12"><span class='ocrx_word' id='word_1_16' title='bbox 224 394 330 442; x_wconf 83' lang='lat' dir='ltr'>fecit,</span> <span class='ocrx_word' id='word_1_17' title='bbox 360 394 488 433; x_wconf 83' lang='lat' dir='ltr'>facere</span> <span class='ocrx_word' id='word_1_18' title='bbox 515 394 687 433; x_wconf 87' lang='lat' dir='ltr'>laetatus</span> <span class='ocrx_word' id='word_1_19' title='bbox 716 407 814 442; x_wconf 89' lang='lat' dir='ltr'>sum,</span> <span class='ocrx_word' id='word_1_20' title='bbox 845 399 893 432; x_wconf 89' lang='lat' dir='ltr'>ut</span> <span class='ocrx_word' id='word_1_21' title='bbox 919 398 1083 445; x_wconf 87' lang='lat' dir='ltr'>repente</span> <span class='ocrx_word' id='word_1_22' title='bbox 1112 392 1319 432; x_wconf 85' lang='lat' dir='ltr'>consilium</span> <span class='ocrx_word' id='word_1_23' title='bbox 1352 393 1393 431; x_wconf 94' lang='lat' dir='ltr'>in</span> <span class='ocrx_word' id='word_1_24' title='bbox 1422 391 1554 431; x_wconf 90' lang='lat' dir='ltr'>medio</span> 
     </span>
     <span class='ocr_line' id='line_1_4' title="bbox 225 462 1554 515; baseline -0.002 -11"><span class='ocrx_word' id='word_1_25' title='bbox 225 465 454 504; x_wconf 86' lang='lat' dir='ltr'>testimonio</span> <span class='ocrx_word' id='word_1_26' title='bbox 498 465 732 504; x_wconf 86' lang='lat' dir='ltr'>dimitteret.</span> <span class='ocrx_word' id='word_1_27' title='bbox 808 464 968 504; x_wconf 88' lang='lat' dir='ltr'>Etenim</span> <span class='ocrx_word' id='word_1_28' title='bbox 1014 464 1238 511; x_wconf 76' lang='lat' dir='ltr'><strong>verebatur,</strong></span> <span class='ocrx_word' id='word_1_29' title='bbox 1288 476 1337 502; x_wconf 91' lang='lat' dir='ltr'>ne</span> <span class='ocrx_word' id='word_1_30' title='bbox 1383 462 1554 515; x_wconf 88' lang='lat' dir='ltr'>populus</span> 
     </span>
     <span class='ocr_line' id='line_1_5' title="bbox 224 534 1554 588; baseline -0.002 -13"><span class='ocrx_word' id='word_1_31' title='bbox 224 536 427 576; x_wconf 84' lang='lat' dir='ltr'>Romanus</span> <span class='ocrx_word' id='word_1_32' title='bbox 455 537 506 575; x_wconf 88' lang='lat' dir='ltr'>ab</span> <span class='ocrx_word' id='word_1_33' title='bbox 533 536 611 575; x_wconf 87' lang='lat' dir='ltr'>isto</span> <span class='ocrx_word' id='word_1_34' title='bbox 646 549 709 575; x_wconf 85' lang='lat' dir='ltr'>eas</span> <span class='ocrx_word' id='word_1_35' title='bbox 742 549 890 588; x_wconf 85' lang='lat' dir='ltr'>poenas</span> <span class='ocrx_word' id='word_1_36' title='bbox 918 535 959 574; x_wconf 84' lang='lat' dir='ltr'>vi</span> <span class='ocrx_word' id='word_1_37' title='bbox 991 535 1181 587; x_wconf 87' lang='lat' dir='ltr'>repetisse</span> <span class='ocrx_word' id='word_1_38' title='bbox 1210 534 1424 582; x_wconf 86' lang='lat' dir='ltr'>videretur,</span> <span class='ocrx_word' id='word_1_39' title='bbox 1456 547 1554 585; x_wconf 87' lang='lat' dir='ltr'>quas</span> 
     </span>
     <span class='ocr_line' id='line_1_6' title="bbox 224 605 1555 660; baseline -0.002 -14"><span class='ocrx_word' id='word_1_40' title='bbox 224 607 375 647; x_wconf 82' lang='lat' dir='ltr'>veritus</span> <span class='ocrx_word' id='word_1_41' title='bbox 407 612 510 646; x_wconf 82' lang='lat' dir='ltr'>esset</span> <span class='ocrx_word' id='word_1_42' title='bbox 539 620 589 646; x_wconf 94' lang='lat' dir='ltr'>ne</span> <span class='ocrx_word' id='word_1_43' title='bbox 622 607 698 646; x_wconf 88' lang='lat' dir='ltr'>iste</span> <span class='ocrx_word' id='word_1_44' title='bbox 728 606 882 660; x_wconf 85' lang='lat' dir='ltr'>legibus</span> <span class='ocrx_word' id='word_1_45' title='bbox 913 620 956 644; x_wconf 87' lang='lat' dir='ltr'>ac</span> <span class='ocrx_word' id='word_1_46' title='bbox 989 611 1124 645; x_wconf 77' lang='lat' dir='ltr'>vestro</span> <span class='ocrx_word' id='word_1_47' title='bbox 1157 605 1303 645; x_wconf 88' lang='lat' dir='ltr'>iudicio</span> <span class='ocrx_word' id='word_1_48' title='bbox 1337 619 1417 644; x_wconf 92' lang='lat' dir='ltr'>non</span> <span class='ocrx_word' id='word_1_49' title='bbox 1451 610 1555 644; x_wconf 84' lang='lat' dir='ltr'>esset</span> 
     </span>
    </p>

    <p class='ocr_par' dir='ltr' id='par_1_3' title="bbox 150 675 1555 1653">
     <span class='ocr_line' id='line_1_7' title="bbox 150 675 1551 730; baseline -0.002 -13"><span class='ocrx_word' id='word_1_50' title='bbox 150 690 206 726; x_wconf 84' lang='lat'>164</span> <span class='ocrx_word' id='word_1_51' title='bbox 223 677 508 730; x_wconf 86' lang='lat' dir='ltr'>persoluturus.</span> <span class='ocrx_word' id='word_1_52' title='bbox 578 677 707 725; x_wconf 90' lang='lat' dir='ltr'>Nunc,</span> <span class='ocrx_word' id='word_1_53' title='bbox 743 677 932 728; x_wconf 90' lang='lat' dir='ltr'>quoniam</span> <span class='ocrx_word' id='word_1_54' title='bbox 969 677 1222 728; x_wconf 84' lang='lat' dir='ltr'>exploratum</span> <span class='ocrx_word' id='word_1_55' title='bbox 1260 682 1320 715; x_wconf 90' lang='lat' dir='ltr'>est</span> <span class='ocrx_word' id='word_1_56' title='bbox 1357 675 1551 724; x_wconf 87' lang='lat' dir='ltr'>omnibus,</span> 
     </span>
     <span class='ocr_line' id='line_1_8' title="bbox 224 746 1554 800; baseline -0.002 -13"><span class='ocrx_word' id='word_1_57' title='bbox 224 762 303 800; x_wconf 91' lang='lat' dir='ltr'>quo</span> <span class='ocrx_word' id='word_1_58' title='bbox 336 748 421 788; x_wconf 91' lang='grc'><strong>1000</strong></span> <span class='ocrx_word' id='word_1_59' title='bbox 459 762 574 788; x_wconf 86' lang='lat' dir='ltr'>causa</span> <span class='ocrx_word' id='word_1_60' title='bbox 613 754 683 787; x_wconf 88' lang='lat' dir='ltr'>tua</span> <span class='ocrx_word' id='word_1_61' title='bbox 716 749 768 787; x_wconf 85' lang='lat' dir='ltr'>sit</span> <span class='ocrx_word' id='word_1_62' title='bbox 807 754 847 787; x_wconf 90' lang='lat' dir='ltr'>et</span> <span class='ocrx_word' id='word_1_63' title='bbox 884 747 982 799; x_wconf 87' lang='lat' dir='ltr'>quid</span> <span class='ocrx_word' id='word_1_64' title='bbox 1019 747 1068 786; x_wconf 87' lang='lat' dir='ltr'>de</span> <span class='ocrx_word' id='word_1_65' title='bbox 1108 754 1147 786; x_wconf 86' lang='lat' dir='ltr'>te</span> <span class='ocrx_word' id='word_1_66' title='bbox 1181 747 1364 786; x_wconf 79' lang='lat' dir='ltr'>futurum</span> <span class='ocrx_word' id='word_1_67' title='bbox 1402 747 1464 795; x_wconf 87' lang='lat' dir='ltr'>sit,</span> <span class='ocrx_word' id='word_1_68' title='bbox 1500 746 1554 786; x_wconf 84' lang='lat' dir='ltr'>sic</span> 
     </span>
     <span class='ocr_line' id='line_1_9' title="bbox 224 817 1555 873; baseline -0.002 -15"><span class='ocrx_word' id='word_1_69' title='bbox 224 825 356 859; x_wconf 90' lang='lat' dir='ltr'>tecum</span> <span class='ocrx_word' id='word_1_70' title='bbox 389 833 527 873; x_wconf 83' lang='lat' dir='ltr'>agam:</span> <span class='ocrx_word' id='word_1_71' title='bbox 557 819 731 859; x_wconf 83' lang='lat' dir='ltr'>Gavium</span> <span class='ocrx_word' id='word_1_72' title='bbox 764 819 897 866; x_wconf 89' lang='lat' dir='ltr'>istum,</span> <span class='ocrx_word' id='word_1_73' title='bbox 935 832 1053 870; x_wconf 85' lang='lat' dir='ltr'>quem</span> <span class='ocrx_word' id='word_1_74' title='bbox 1091 818 1346 870; x_wconf 85' lang='lat' dir='ltr'>repentinum</span> <span class='ocrx_word' id='word_1_75' title='bbox 1383 817 1555 870; x_wconf 84' lang='lat' dir='ltr'>specula-</span> 
     </span>
     <span class='ocr_line' id='line_1_10' title="bbox 224 889 1554 942; baseline -0.002 -12"><span class='ocrx_word' id='word_1_76' title='bbox 224 897 353 930; x_wconf 87' lang='lat' dir='ltr'>torem</span> <span class='ocrx_word' id='word_1_77' title='bbox 386 891 507 930; x_wconf 79' lang='lat' dir='ltr'>fuisse</span> <span class='ocrx_word' id='word_1_78' title='bbox 540 890 649 939; x_wconf 88' lang='lat' dir='ltr'>dicis,</span> <span class='ocrx_word' id='word_1_79' title='bbox 685 889 893 929; x_wconf 90' lang='lat' dir='ltr'>ostendam</span> <span class='ocrx_word' id='word_1_80' title='bbox 926 890 968 928; x_wconf 88' lang='lat' dir='ltr'>in</span> <span class='ocrx_word' id='word_1_81' title='bbox 1001 889 1215 928; x_wconf 74' lang='lat' dir='ltr'>lautumias</span> <span class='ocrx_word' id='word_1_82' title='bbox 1245 889 1452 942; x_wconf 82' lang='lat' dir='ltr'>Syracusis</span> <span class='ocrx_word' id='word_1_83' title='bbox 1484 889 1554 928; x_wconf 89' lang='lat' dir='ltr'>abs</span> 
     </span>
     <span class='ocr_line' id='line_1_11' title="bbox 224 960 1554 1013; baseline -0.002 -11"><span class='ocrx_word' id='word_1_84' title='bbox 224 970 264 1003; x_wconf 88' lang='lat' dir='ltr'>te</span> <span class='ocrx_word' id='word_1_85' title='bbox 295 976 379 1002; x_wconf 86' lang='lat' dir='ltr'>esse</span> <span class='ocrx_word' id='word_1_86' title='bbox 412 963 658 1011; x_wconf 87' lang='lat' dir='ltr'>coniectum,-</span> <span class='ocrx_word' id='word_1_87' title='bbox 687 975 816 1013; x_wconf 90' lang='lat' dir='ltr'>neque</span> <span class='ocrx_word' id='word_1_88' title='bbox 846 961 888 1000; x_wconf 93' lang='lat' dir='ltr'>id</span> <span class='ocrx_word' id='word_1_89' title='bbox 922 960 1050 1000; x_wconf 88' lang='lat' dir='ltr'>solum</span> <span class='ocrx_word' id='word_1_90' title='bbox 1084 974 1134 1000; x_wconf 85' lang='lat' dir='ltr'>ex</span> <span class='ocrx_word' id='word_1_91' title='bbox 1166 961 1312 1000; x_wconf 87' lang='lat' dir='ltr'>litteris</span> <span class='ocrx_word' id='word_1_92' title='bbox 1346 960 1554 1000; x_wconf 86' lang='lat' dir='ltr'>ostendam</span> 
     </span>
     <span class='ocr_line' id='line_1_12' title="bbox 223 1030 1553 1087; baseline -0.004 -13"><span class='ocrx_word' id='word_1_93' title='bbox 223 1035 575 1087; x_wconf 80' lang='lat' dir='ltr'>Syracusanorum,</span> <span class='ocrx_word' id='word_1_94' title='bbox 611 1047 661 1073; x_wconf 93' lang='lat' dir='ltr'>ne</span> <span class='ocrx_word' id='word_1_95' title='bbox 693 1033 819 1085; x_wconf 87' lang='lat' dir='ltr'>possis</span> <span class='ocrx_word' id='word_1_96' title='bbox 852 1032 982 1071; x_wconf 78' lang='lat' dir='ltr'>dicere</span> <span class='ocrx_word' id='word_1_97' title='bbox 1016 1046 1089 1080; x_wconf 90' lang='lat' dir='ltr'>me,</span> <span class='ocrx_word' id='word_1_98' title='bbox 1126 1032 1219 1083; x_wconf 85' lang='lat' dir='ltr'>quia</span> <span class='ocrx_word' id='word_1_99' title='bbox 1253 1032 1305 1070; x_wconf 88' lang='lat' dir='ltr'>sit</span> <span class='ocrx_word' id='word_1_100' title='bbox 1337 1030 1480 1083; x_wconf 88' lang='lat' dir='ltr'>aliquis</span> <span class='ocrx_word' id='word_1_101' title='bbox 1512 1031 1553 1070; x_wconf 89' lang='lat' dir='ltr'>in</span> 
     </span>
     <span class='ocr_line' id='line_1_13' title="bbox 222 1101 1554 1157; baseline -0.003 -13"><span class='ocrx_word' id='word_1_102' title='bbox 222 1105 368 1145; x_wconf 84' lang='lat' dir='ltr'>litteris</span> <span class='ocrx_word' id='word_1_103' title='bbox 388 1104 550 1152; x_wconf 82' lang='lat' dir='ltr'>Gavius,</span> <span class='ocrx_word' id='word_1_104' title='bbox 573 1104 646 1143; x_wconf 92' lang='lat' dir='ltr'>hoc</span> <span class='ocrx_word' id='word_1_105' title='bbox 665 1104 814 1157; x_wconf 82' lang='lat' dir='ltr'>fingere</span> <span class='ocrx_word' id='word_1_106' title='bbox 835 1109 876 1143; x_wconf 90' lang='lat' dir='ltr'>et</span> <span class='ocrx_word' id='word_1_107' title='bbox 901 1103 1046 1156; x_wconf 85' lang='lat' dir='ltr'>eligere</span> <span class='ocrx_word' id='word_1_108' title='bbox 1066 1117 1221 1151; x_wconf 85' lang='lat' dir='ltr'>nomen,</span> <span class='ocrx_word' id='word_1_109' title='bbox 1243 1108 1290 1142; x_wconf 84' lang='lat' dir='ltr'>ut</span> <span class='ocrx_word' id='word_1_110' title='bbox 1317 1102 1422 1141; x_wconf 89' lang='grc'><strong>1111110</strong></span> <span class='ocrx_word' id='word_1_111' title='bbox 1441 1101 1554 1141; x_wconf 83' lang='lat' dir='ltr'>illum</span> 
     </span>
     <span class='ocr_line' id='line_1_14' title="bbox 224 1172 1552 1228; baseline -0.003 -13"><span class='ocrx_word' id='word_1_112' title='bbox 224 1189 308 1216; x_wconf 85' lang='lat' dir='ltr'>esse</span> <span class='ocrx_word' id='word_1_113' title='bbox 340 1175 488 1228; x_wconf 88' lang='lat' dir='ltr'>possim</span> <span class='ocrx_word' id='word_1_114' title='bbox 520 1174 662 1222; x_wconf 87' lang='lat' dir='ltr'>dicere,</span> <span class='ocrx_word' id='word_1_115' title='bbox 699 1174 767 1213; x_wconf 86' lang='lat' dir='ltr'>sed</span> <span class='ocrx_word' id='word_1_116' title='bbox 800 1173 851 1212; x_wconf 87' lang='lat' dir='ltr'>ad</span> <span class='ocrx_word' id='word_1_117' title='bbox 884 1173 1095 1212; x_wconf 71' lang='lat' dir='ltr'>arbitrium</span> <span class='ocrx_word' id='word_1_118' title='bbox 1128 1179 1243 1212; x_wconf 87' lang='lat' dir='ltr'>tuum</span> <span class='ocrx_word' id='word_1_119' title='bbox 1282 1178 1404 1212; x_wconf 88' lang='lat' dir='ltr'>testes</span> <span class='ocrx_word' id='word_1_120' title='bbox 1437 1172 1552 1221; x_wconf 86' lang='lat' dir='ltr'>dabo,</span> 
     </span>
     <span class='ocr_line' id='line_1_15' title="bbox 223 1239 1554 1298; baseline -0.002 -13"><span class='ocrx_word' id='word_1_121' title='bbox 223 1247 292 1298; x_wconf 90' lang='lat' dir='ltr'>qui</span> <span class='ocrx_word' id='word_1_122' title='bbox 320 1246 443 1285; x_wconf 88' lang='lat' dir='ltr'>istum</span> <span class='ocrx_word' id='word_1_123' title='bbox 471 1246 602 1297; x_wconf 90' lang='lat' dir='ltr'>ipsum</span> <span class='ocrx_word' id='word_1_124' title='bbox 631 1244 837 1297; x_wconf 83' lang='lat' dir='ltr'>Syracusis</span> <span class='ocrx_word' id='word_1_125' title='bbox 856 1245 926 1283; x_wconf 88' lang='lat' dir='ltr'>abs</span> <span class='ocrx_word' id='word_1_126' title='bbox 954 1239 1005 1283; x_wconf 42' lang='lat' dir='ltr'>te*</span> <span class='ocrx_word' id='word_1_127' title='bbox 1020 1245 1062 1282; x_wconf 91' lang='lat' dir='ltr'>in</span> <span class='ocrx_word' id='word_1_128' title='bbox 1090 1244 1304 1283; x_wconf 87' lang='lat' dir='ltr'>lautumias</span> <span class='ocrx_word' id='word_1_129' title='bbox 1333 1243 1554 1283; x_wconf 88' lang='lat' dir='ltr'>coniectum</span> 
     </span>
     <span class='ocr_line' id='line_1_16' title="bbox 224 1313 1554 1366; baseline -0.004 -9"><span class='ocrx_word' id='word_1_130' title='bbox 224 1330 307 1357; x_wconf 89' lang='lat' dir='ltr'>esse</span> <span class='ocrx_word' id='word_1_131' title='bbox 340 1316 486 1355; x_wconf 87' lang='lat' dir='ltr'>dicant.</span> <span class='ocrx_word' id='word_1_132' title='bbox 544 1315 768 1355; x_wconf 87' lang='lat' dir='ltr'>Producam</span> <span class='ocrx_word' id='word_1_133' title='bbox 798 1315 919 1355; x_wconf 89' lang='lat' dir='ltr'>etiam</span> <span class='ocrx_word' id='word_1_134' title='bbox 953 1315 1166 1363; x_wconf 90' lang='lat' dir='ltr'>Consanos,</span> <span class='ocrx_word' id='word_1_135' title='bbox 1197 1314 1415 1366; x_wconf 85' lang='lat' dir='ltr'>municipes</span> <span class='ocrx_word' id='word_1_136' title='bbox 1448 1313 1554 1353; x_wconf 89' lang='lat' dir='ltr'>illius</span> 
     </span>
     <span class='ocr_line' id='line_1_17' title="bbox 223 1384 1552 1437; baseline -0.003 -10"><span class='ocrx_word' id='word_1_137' title='bbox 223 1401 268 1427; x_wconf 89' lang='lat' dir='ltr'>ac</span> <span class='ocrx_word' id='word_1_138' title='bbox 296 1387 545 1435; x_wconf 86' lang='lat' dir='ltr'>necessarios,</span> <span class='ocrx_word' id='word_1_139' title='bbox 569 1386 637 1437; x_wconf 87' lang='lat' dir='ltr'>qui</span> <span class='ocrx_word' id='word_1_140' title='bbox 657 1391 698 1425; x_wconf 90' lang='lat' dir='ltr'>te</span> <span class='ocrx_word' id='word_1_141' title='bbox 727 1399 832 1424; x_wconf 91' lang='lat' dir='ltr'>nunc</span> <span class='ocrx_word' id='word_1_142' title='bbox 852 1398 939 1424; x_wconf 86' lang='lat' dir='ltr'>sero</span> <span class='ocrx_word' id='word_1_143' title='bbox 967 1385 1146 1433; x_wconf 84' lang='lat' dir='ltr'>doceant,</span> <span class='ocrx_word' id='word_1_144' title='bbox 1169 1384 1317 1424; x_wconf 88' lang='lat' dir='ltr'>iudices</span> <span class='ocrx_word' id='word_1_145' title='bbox 1346 1397 1426 1423; x_wconf 90' lang='lat' dir='ltr'>non</span> <span class='ocrx_word' id='word_1_146' title='bbox 1454 1397 1552 1432; x_wconf 88' lang='lat' dir='ltr'>sero,</span> 
     </span>
     <span class='ocr_line' id='line_1_18' title="bbox 223 1455 1555 1509; baseline -0.002 -12"><span class='ocrx_word' id='word_1_147' title='bbox 223 1458 337 1497; x_wconf 90' lang='lat' dir='ltr'>illum</span> <span class='ocrx_word' id='word_1_148' title='bbox 383 1457 426 1496; x_wconf 91' lang='lat' dir='ltr'>P.</span> <span class='ocrx_word' id='word_1_149' title='bbox 477 1456 662 1505; x_wconf 74' lang='lat' dir='ltr'>Gavium,</span> <span class='ocrx_word' id='word_1_150' title='bbox 703 1470 822 1508; x_wconf 88' lang='lat' dir='ltr'>quem</span> <span class='ocrx_word' id='word_1_151' title='bbox 869 1462 915 1495; x_wconf 85' lang='lat' dir='ltr'>tu</span> <span class='ocrx_word' id='word_1_152' title='bbox 962 1457 1003 1494; x_wconf 91' lang='lat' dir='ltr'>in</span> <span class='ocrx_word' id='word_1_153' title='bbox 1050 1469 1205 1495; x_wconf 87' lang='lat' dir='ltr'>crucem</span> <span class='ocrx_word' id='word_1_154' title='bbox 1252 1455 1380 1509; x_wconf 83' lang='lat' dir='ltr'>egisti,</span> <span class='ocrx_word' id='word_1_155' title='bbox 1429 1455 1555 1494; x_wconf 87' lang='lat' dir='ltr'>civem</span> 
     </span>
     <span class='ocr_line' id='line_1_19' title="bbox 223 1526 1555 1580; baseline -0.002 -12"><span class='ocrx_word' id='word_1_156' title='bbox 223 1530 449 1569; x_wconf 84' lang='lat' dir='ltr'>Romanum</span> <span class='ocrx_word' id='word_1_157' title='bbox 497 1534 538 1567; x_wconf 87' lang='lat' dir='ltr'>et</span> <span class='ocrx_word' id='word_1_158' title='bbox 575 1528 814 1580; x_wconf 86' lang='lat' dir='ltr'>municipem</span> <span class='ocrx_word' id='word_1_159' title='bbox 862 1527 1101 1575; x_wconf 87' lang='lat' dir='ltr'>Consanum,</span> <span class='ocrx_word' id='word_1_160' title='bbox 1142 1541 1221 1566; x_wconf 89' lang='lat' dir='ltr'>non</span> <span class='ocrx_word' id='word_1_161' title='bbox 1268 1526 1555 1579; x_wconf 88' lang='lat' dir='ltr'>speculatorem</span> 
     </span>
     <span class='ocr_line' id='line_1_20' title="bbox 223 1599 638 1653; baseline -0.007 -13"><span class='ocrx_word' id='word_1_162' title='bbox 223 1600 487 1653; x_wconf 83' lang='lat' dir='ltr'>fugitivorum</span> <span class='ocrx_word' id='word_1_163' title='bbox 507 1599 638 1638; x_wconf 80' lang='lat' dir='ltr'>fuisse.</span> 
     </span>
    </p>

    <p class='ocr_par' dir='ltr' id='par_1_4' title="bbox 153 1668 1555 1721">
     <span class='ocr_line' id='line_1_21' title="bbox 153 1668 1555 1721; baseline -0.001 -11"><span class='ocrx_word' id='word_1_164' title='bbox 153 1679 206 1718; x_wconf 84' lang='lat'>64</span> <span class='ocrx_word' id='word_1_165' title='bbox 278 1671 381 1711; x_wconf 88' lang='lat' dir='ltr'>Cum</span> <span class='ocrx_word' id='word_1_166' title='bbox 406 1671 502 1710; x_wconf 90' lang='lat' dir='ltr'>haec</span> <span class='ocrx_word' id='word_1_167' title='bbox 522 1670 665 1718; x_wconf 86' lang='lat' dir='ltr'>omnia,</span> <span class='ocrx_word' id='word_1_168' title='bbox 687 1682 788 1720; x_wconf 81' lang='lat' dir='ltr'>quae</span> <span class='ocrx_word' id='word_1_169' title='bbox 816 1668 1014 1721; x_wconf 86' lang='lat' dir='ltr'>polliceor,</span> <span class='ocrx_word' id='word_1_170' title='bbox 1037 1668 1236 1708; x_wconf 83' lang='lat' dir='ltr'>cumulate</span> <span class='ocrx_word' id='word_1_171' title='bbox 1255 1668 1335 1708; x_wconf 84' lang='lat' dir='ltr'>tuis</span> <span class='ocrx_word' id='word_1_172' title='bbox 1363 1668 1555 1721; x_wconf 78' lang='lat' dir='ltr'>proximis</span> 
     </span>
    </p>

    <p class='ocr_par' dir='ltr' id='par_1_5' title="bbox 148 1739 1556 2504">
     <span class='ocr_line' id='line_1_22' title="bbox 148 1739 1556 1794; baseline -0.004 -12"><span class='ocrx_word' id='word_1_173' title='bbox 148 1754 204 1791; x_wconf 82' lang='lat'>165</span> <span class='ocrx_word' id='word_1_174' title='bbox 222 1741 340 1794; x_wconf 90' lang='lat' dir='ltr'>plana</span> <span class='ocrx_word' id='word_1_175' title='bbox 372 1741 513 1789; x_wconf 86' lang='lat' dir='ltr'>fecero,</span> <span class='ocrx_word' id='word_1_176' title='bbox 545 1746 633 1779; x_wconf 85' lang='lat' dir='ltr'>tum</span> <span class='ocrx_word' id='word_1_177' title='bbox 665 1740 768 1779; x_wconf 89' lang='lat' dir='ltr'>istuc</span> <span class='ocrx_word' id='word_1_178' title='bbox 800 1740 931 1792; x_wconf 90' lang='lat' dir='ltr'>ipsum</span> <span class='ocrx_word' id='word_1_179' title='bbox 964 1740 1119 1788; x_wconf 88' lang='lat' dir='ltr'>tenebo,</span> <span class='ocrx_word' id='word_1_180' title='bbox 1151 1739 1258 1791; x_wconf 88' lang='lat' dir='ltr'>quod</span> <span class='ocrx_word' id='word_1_181' title='bbox 1285 1739 1354 1778; x_wconf 90' lang='lat' dir='ltr'>abs</span> <span class='ocrx_word' id='word_1_182' title='bbox 1389 1744 1430 1778; x_wconf 88' lang='lat' dir='ltr'>te</span> <span class='ocrx_word' id='word_1_183' title='bbox 1457 1739 1556 1778; x_wconf 85' lang='lat' dir='ltr'>mihi</span> 
     </span>
     <span class='ocr_line' id='line_1_23' title="bbox 221 1810 1556 1862; baseline -0.001 -11"><span class='ocrx_word' id='word_1_184' title='bbox 221 1812 342 1851; x_wconf 84' lang='lat' dir='ltr'>datur</span> <span class='ocrx_word' id='word_1_185' title='bbox 355 1827 366 1861; x_wconf 76' lang='lat'><em>3</em></span> <span class='ocrx_word' id='word_1_186' title='bbox 395 1825 441 1851; x_wconf 97' lang='grc'>00</span> <span class='ocrx_word' id='word_1_187' title='bbox 461 1816 695 1850; x_wconf 89' lang='lat' dir='ltr'>contentum</span> <span class='ocrx_word' id='word_1_188' title='bbox 714 1824 777 1850; x_wconf 89' lang='lat' dir='ltr'>me</span> <span class='ocrx_word' id='word_1_189' title='bbox 798 1824 882 1850; x_wconf 85' lang='lat' dir='ltr'>esse</span> <span class='ocrx_word' id='word_1_190' title='bbox 901 1810 1040 1850; x_wconf 89' lang='lat' dir='ltr'>dicam.</span> <span class='ocrx_word' id='word_1_191' title='bbox 1101 1810 1207 1859; x_wconf 80' lang='lat' dir='ltr'>Quid</span> <span class='ocrx_word' id='word_1_192' title='bbox 1230 1811 1336 1849; x_wconf 90' lang='lat' dir='ltr'>enim</span> <span class='ocrx_word' id='word_1_193' title='bbox 1355 1823 1482 1862; x_wconf 85' lang='lat' dir='ltr'>nuper</span> <span class='ocrx_word' id='word_1_194' title='bbox 1509 1816 1556 1849; x_wconf 90' lang='lat' dir='ltr'>tu</span> 
     </span>
     <span class='ocr_line' id='line_1_24' title="bbox 222 1881 1556 1936; baseline -0.002 -13"><span class='ocrx_word' id='word_1_195' title='bbox 222 1884 316 1936; x_wconf 86' lang='lat' dir='ltr'>ipse,</span> <span class='ocrx_word' id='word_1_196' title='bbox 340 1896 429 1922; x_wconf 89' lang='lat' dir='ltr'>cum</span> <span class='ocrx_word' id='word_1_197' title='bbox 448 1882 586 1935; x_wconf 89' lang='lat' dir='ltr'>populi</span> <span class='ocrx_word' id='word_1_198' title='bbox 606 1882 776 1921; x_wconf 85' lang='lat' dir='ltr'>Romani</span> <span class='ocrx_word' id='word_1_199' title='bbox 796 1881 965 1921; x_wconf 90' lang='lat' dir='ltr'>clamore</span> <span class='ocrx_word' id='word_1_200' title='bbox 985 1887 1106 1933; x_wconf 88' lang='lat' dir='ltr'>atque</span> <span class='ocrx_word' id='word_1_201' title='bbox 1126 1882 1280 1933; x_wconf 87' lang='lat' dir='ltr'>impetu</span> <span class='ocrx_word' id='word_1_202' title='bbox 1298 1881 1556 1934; x_wconf 87' lang='lat' dir='ltr'>perturbatus</span> 
     </span>
     <span class='ocr_line' id='line_1_25' title="bbox 223 1952 1556 2004; baseline -0.002 -11"><span class='ocrx_word' id='word_1_203' title='bbox 223 1953 430 2002; x_wconf 88' lang='lat' dir='ltr'>exsiluisti‚</span> <span class='ocrx_word' id='word_1_204' title='bbox 463 1953 571 2004; x_wconf 90' lang='lat' dir='ltr'>quid,</span> <span class='ocrx_word' id='word_1_205' title='bbox 604 1953 778 2004; x_wconf 86' lang='lat' dir='ltr'>inquam,</span> <span class='ocrx_word' id='word_1_206' title='bbox 810 1952 966 1991; x_wconf 88' lang='lat' dir='ltr'>locutus</span> <span class='ocrx_word' id='word_1_207' title='bbox 999 1955 1068 1992; x_wconf 67' lang='lat' dir='ltr'>es?</span> <span class='ocrx_word' id='word_1_208' title='bbox 1107 1952 1230 2001; x_wconf 90' lang='lat' dir='ltr'>illum,</span> <span class='ocrx_word' id='word_1_209' title='bbox 1264 1952 1370 2004; x_wconf 86' lang='lat' dir='ltr'>quod</span> <span class='ocrx_word' id='word_1_210' title='bbox 1404 1965 1556 1992; x_wconf 89' lang='lat' dir='ltr'>moram</span> 
     </span>
     <span class='ocr_line' id='line_1_26' title="bbox 223 2024 1553 2078; baseline -0.002 -13"><span class='ocrx_word' id='word_1_211' title='bbox 223 2025 416 2078; x_wconf 85' lang='lat' dir='ltr'>supplicio</span> <span class='ocrx_word' id='word_1_212' title='bbox 431 2029 650 2076; x_wconf 87' lang='lat' dir='ltr'>quaereret,</span> <span class='ocrx_word' id='word_1_213' title='bbox 669 2024 759 2063; x_wconf 89' lang='lat' dir='ltr'>ideo</span> <span class='ocrx_word' id='word_1_214' title='bbox 779 2024 999 2063; x_wconf 82' lang='lat' dir='ltr'>clamitasse</span> <span class='ocrx_word' id='word_1_215' title='bbox 1016 2038 1056 2063; x_wconf 89' lang='lat' dir='ltr'>se</span> <span class='ocrx_word' id='word_1_216' title='bbox 1072 2037 1155 2063; x_wconf 88' lang='lat' dir='ltr'>esse</span> <span class='ocrx_word' id='word_1_217' title='bbox 1171 2025 1297 2063; x_wconf 89' lang='lat' dir='ltr'>civem</span> <span class='ocrx_word' id='word_1_218' title='bbox 1316 2024 1553 2074; x_wconf 83' lang='lat' dir='ltr'>Romanum,</span> 
     </span>
     <span class='ocr_line' id='line_1_27' title="bbox 223 2095 1556 2148; baseline -0.001 -12"><span class='ocrx_word' id='word_1_219' title='bbox 223 2096 292 2136; x_wconf 90' lang='lat' dir='ltr'>sed</span> <span class='ocrx_word' id='word_1_220' title='bbox 321 2095 610 2148; x_wconf 88' lang='lat' dir='ltr'>speculatorem</span> <span class='ocrx_word' id='word_1_221' title='bbox 638 2095 769 2134; x_wconf 78' lang='lat' dir='ltr'>fuisse.</span> <span class='ocrx_word' id='word_1_222' title='bbox 829 2095 915 2134; x_wconf 89' lang='lat' dir='ltr'>Iam</span> <span class='ocrx_word' id='word_1_223' title='bbox 934 2095 1011 2134; x_wconf 90' lang='lat' dir='ltr'>mei</span> <span class='ocrx_word' id='word_1_224' title='bbox 1031 2100 1154 2134; x_wconf 89' lang='lat' dir='ltr'>testes</span> <span class='ocrx_word' id='word_1_225' title='bbox 1173 2095 1258 2135; x_wconf 72' lang='lat' dir='ltr'>veri</span> <span class='ocrx_word' id='word_1_226' title='bbox 1287 2101 1390 2134; x_wconf 84' lang='lat' dir='ltr'>sunt.</span> <span class='ocrx_word' id='word_1_227' title='bbox 1450 2095 1556 2144; x_wconf 83' lang='lat' dir='ltr'>Quid</span> 
     </span>
     <span class='ocr_line' id='line_1_28' title="bbox 223 2167 1553 2218; baseline 0 -10"><span class='ocrx_word' id='word_1_228' title='bbox 223 2169 329 2208; x_wconf 85' lang='lat' dir='ltr'>enim</span> <span class='ocrx_word' id='word_1_229' title='bbox 362 2168 460 2207; x_wconf 88' lang='lat' dir='ltr'>dicit</span> <span class='ocrx_word' id='word_1_230' title='bbox 491 2167 601 2207; x_wconf 87' lang='lat' dir='ltr'>aliud</span> <span class='ocrx_word' id='word_1_231' title='bbox 635 2167 677 2207; x_wconf 86' lang='lat' dir='ltr'>C.</span> <span class='ocrx_word' id='word_1_232' title='bbox 714 2167 996 2207; x_wconf 69' lang='lat' dir='ltr'>Numitorius?</span> <span class='ocrx_word' id='word_1_233' title='bbox 1038 2167 1133 2218; x_wconf 86' lang='lat' dir='ltr'>quid</span> <span class='ocrx_word' id='word_1_234' title='bbox 1171 2167 1226 2207; x_wconf 92' lang='lat' dir='ltr'>M.</span> <span class='ocrx_word' id='word_1_235' title='bbox 1264 2172 1305 2207; x_wconf 87' lang='lat' dir='ltr'>et</span> <span class='ocrx_word' id='word_1_236' title='bbox 1336 2167 1379 2208; x_wconf 91' lang='lat' dir='ltr'>P.</span> <span class='ocrx_word' id='word_1_237' title='bbox 1416 2167 1553 2218; x_wconf 80' lang='lat' dir='ltr'>Cottii,</span> 
     </span>
     <span class='ocr_line' id='line_1_29' title="bbox 223 2238 1551 2292; baseline 0.001 -14"><span class='ocrx_word' id='word_1_238' title='bbox 223 2239 458 2279; x_wconf 89' lang='lat' dir='ltr'>nobilissimi</span> <span class='ocrx_word' id='word_1_239' title='bbox 499 2239 678 2278; x_wconf 85' lang='lat' dir='ltr'>homines</span> <span class='ocrx_word' id='word_1_240' title='bbox 722 2252 771 2278; x_wconf 82' lang='lat' dir='ltr'>ex</span> <span class='ocrx_word' id='word_1_241' title='bbox 813 2252 909 2292; x_wconf 86' lang='lat' dir='ltr'>agro</span> <span class='ocrx_word' id='word_1_242' title='bbox 950 2238 1315 2279; x_wconf 64' lang='lat' dir='ltr'>Tauromenitano&#39;i</span> <span class='ocrx_word' id='word_1_243' title='bbox 1368 2239 1465 2291; x_wconf 91' lang='lat' dir='ltr'>quid</span> <span class='ocrx_word' id='word_1_244' title='bbox 1507 2239 1551 2288; x_wconf 85' lang='lat' dir='ltr'>Q.</span> 
     </span>
     <span class='ocr_line' id='line_1_30' title="bbox 222 2309 1555 2363; baseline -0.002 -13"><span class='ocrx_word' id='word_1_245' title='bbox 222 2310 424 2358; x_wconf 85' lang='lat' dir='ltr'>Lucceius,</span> <span class='ocrx_word' id='word_1_246' title='bbox 465 2310 533 2361; x_wconf 90' lang='lat' dir='ltr'>qui</span> <span class='ocrx_word' id='word_1_247' title='bbox 570 2310 837 2363; x_wconf 85' lang='lat' dir='ltr'>argentariam</span> <span class='ocrx_word' id='word_1_248' title='bbox 880 2309 996 2363; x_wconf 77' lang='lat' dir='ltr'>Regii</span> <span class='ocrx_word' id='word_1_249' title='bbox 1038 2310 1252 2349; x_wconf 84' lang='lat' dir='ltr'>maximam</span> <span class='ocrx_word' id='word_1_250' title='bbox 1289 2309 1412 2350; x_wconf 64' lang='lat' dir='ltr'>fecit?</span> <span class='ocrx_word' id='word_1_251' title='bbox 1458 2310 1555 2361; x_wconf 90' lang='lat' dir='ltr'>quid</span> 
     </span>
     <span class='ocr_line' id='line_1_31' title="bbox 223 2380 1556 2434; baseline 0.001 -14"><span class='ocrx_word' id='word_1_252' title='bbox 223 2381 373 2421; x_wconf 66' lang='lat' dir='ltr'>ceteri?</span> <span class='ocrx_word' id='word_1_253' title='bbox 400 2380 530 2420; x_wconf 87' lang='lat' dir='ltr'>adhuc</span> <span class='ocrx_word' id='word_1_254' title='bbox 550 2381 655 2420; x_wconf 88' lang='grc'><strong>0111111</strong></span> <span class='ocrx_word' id='word_1_255' title='bbox 681 2386 803 2420; x_wconf 88' lang='lat' dir='ltr'>testes</span> <span class='ocrx_word' id='word_1_256' title='bbox 823 2394 873 2420; x_wconf 83' lang='lat' dir='ltr'>ex</span> <span class='ocrx_word' id='word_1_257' title='bbox 893 2394 938 2419; x_wconf 90' lang='lat' dir='ltr'>eo</span> <span class='ocrx_word' id='word_1_258' title='bbox 958 2393 1102 2434; x_wconf 84' lang='lat' dir='ltr'>genere</span> <span class='ocrx_word' id='word_1_259' title='bbox 1121 2395 1144 2419; x_wconf 88' lang='lat' dir='ltr'>a</span> <span class='ocrx_word' id='word_1_260' title='bbox 1163 2394 1226 2420; x_wconf 87' lang='lat' dir='ltr'>me</span> <span class='ocrx_word' id='word_1_261' title='bbox 1245 2387 1340 2421; x_wconf 83' lang='lat' dir='ltr'>sunt</span> <span class='ocrx_word' id='word_1_262' title='bbox 1358 2381 1454 2430; x_wconf 90' lang='lat' dir='ltr'>dati,</span> <span class='ocrx_word' id='word_1_263' title='bbox 1475 2395 1556 2421; x_wconf 93' lang='lat' dir='ltr'>non</span> 
     </span>
     <span class='ocr_line' id='line_1_32' title="bbox 224 2451 1554 2504; baseline 0.001 -14"><span class='ocrx_word' id='word_1_264' title='bbox 224 2453 293 2503; x_wconf 86' lang='lat' dir='ltr'>qui</span> <span class='ocrx_word' id='word_1_265' title='bbox 322 2452 478 2492; x_wconf 86' lang='lat' dir='ltr'>novisse</span> <span class='ocrx_word' id='word_1_266' title='bbox 506 2451 689 2500; x_wconf 83' lang='lat' dir='ltr'>Gavium,</span> <span class='ocrx_word' id='word_1_267' title='bbox 713 2451 781 2491; x_wconf 85' lang='lat' dir='ltr'>sed</span> <span class='ocrx_word' id='word_1_268' title='bbox 811 2465 851 2491; x_wconf 91' lang='lat' dir='ltr'>se</span> <span class='ocrx_word' id='word_1_269' title='bbox 871 2451 1017 2491; x_wconf 79' lang='lat' dir='ltr'>vidisse</span> <span class='ocrx_word' id='word_1_270' title='bbox 1036 2451 1215 2492; x_wconf 87' lang='lat' dir='ltr'>dicerent</span> <span class='ocrx_word' id='word_1_271' title='bbox 1234 2466 1323 2492; x_wconf 87' lang='lat' dir='ltr'>cum</span> <span class='ocrx_word' id='word_1_272' title='bbox 1350 2453 1394 2501; x_wconf 88' lang='lat' dir='ltr'>is,</span> <span class='ocrx_word' id='word_1_273' title='bbox 1417 2452 1484 2504; x_wconf 89' lang='lat' dir='ltr'>qui</span> <span class='ocrx_word' id='word_1_274' title='bbox 1514 2466 1554 2492; x_wconf 85' lang='lat' dir='ltr'>se</span> 
     </span>
    </p>
   </div>
  </div>
 </body>
</html>
