1674 2729
154 203 310 251 65.168]
335 205 402 240 IN
424 205 613 240 GAIUM
642 205 870 240 VERREM
894 205 1197 240 SECUNDAE
1222 207 1322 242 Lm.
1351 208 1385 242 1³⁷.
1437 208 1482 251 69

153 309 280 350 civem
309 309 533 349 Romanum
562 322 646 349 esse
675 308 872 357 clamaret,
895 309 934 347 in
958 322 1112 348 crucem
1141 316 1336 363 ageretur.
1397 310 1482 350 Hoc

154 387 210 429 tu,
227 380 384 430 Verres,
402 380 507 421 idem
527 380 650 430 dicis3
678 381 751 420 hoc
771 387 816 420 tu
836 381 1046 429 confiteris,
1068 380 1180 420 illum
1201 381 1422 421 clamitasse
1441 395 1482 421 se

152 451 279 491 civem
308 465 392 491 esse
421 452 670 501 Romanum;
698 451 805 503 apud
826 458 865 491 te
886 464 1030 491 nomen
1049 452 1223 491 civitatis
1252 465 1301 491 no
1325 458 1482 492 tantum

151 521 314 574 quidem
333 522 515 571 valuisse,
546 529 592 562 ut
610 522 904 562 dubitationem
931 522 1116 574 aliquam,
1148 531 1194 562 ut
1222 522 1481 563 crudelissimi

130 641 135 645 ¹
152 594 450 646 taeterrimique
465 594 647 647 supplicii
661 593 835 646 aliquam
850 608 1013 647 parvam
1029 607 1179 633 moram
1191 594 1332 634 saltem
1346 601 1481 647 posset

150 663 318 705 adferre.
378 666 465 705 Hoc
486 672 613 714 teneo,
636 665 698 705 hic
719 665 871 714 haereo,
892 665 1052 714 iudices,
1071 665 1142 705 hoc
1163 679 1250 704 sum
1270 671 1480 706 contentus
1503 670 1558 700 166

151 749 256 786 uno;
289 737 433 777 omitto
460 751 505 776 ac
534 736 701 791 neglego
730 744 882 777 cetera:
917 750 988 776 sua
1016 737 1259 777 confessione
1292 737 1483 777 induatur

151 821 195 847 ae
215 807 420 862 iuguletur
439 821 596 848 necesse
613 815 682 848 est.
733 808 810 857 Qui
830 814 934 848 essct
953 808 1173 861 ignorabas,
1195 807 1480 861 speculatorem

151 892 235 919 esse
258 879 532 932 suspicabare3
561 893 640 919 non
660 892 806 931 quaero
826 893 904 930 qua
931 879 1164 932 suspicione,
1186 885 1256 918 tua
1284 886 1324 919 te
1343 893 1482 919 accuso

150 950 352 990 oratione:
392 950 518 990 civem
552 950 776 990 Romanum
809 963 850 989 se
884 963 967 990 esse
995 950 1162 990 dicebat.
1221 950 1263 989 Si
1297 956 1343 990 tu
1374 950 1481 1003 apud

150 1021 291 1062 Persas
319 1027 390 1060 aut
417 1021 460 1060 in
488 1028 667 1061 extrema
696 1021 812 1060 India
834 1020 1114 1074 deprehensus,
1137 1021 1292 1069 Verres,
1313 1021 1365 1061 ad
1393 1035 1481 1074 sup-

149 1091 311 1145 plicium
333 1091 532 1140 ducerere,
555 1091 653 1143 quid
680 1091 790 1131 aliud
819 1091 1041 1131 clamitares
1070 1092 1145 1131 nisi
1174 1098 1214 1131 te
1243 1092 1369 1132 civem
1397 1106 1480 1132 esse

149 1163 404 1203 Romanum?
433 1169 475 1202 et
494 1163 526 1202 si
555 1163 630 1202 tibi
657 1163 796 1216 ignoto
819 1162 926 1215 apud
954 1163 1123 1216 ignotos,
1144 1162 1251 1215 apud
1279 1163 1477 1212 barbaros,

147 1232 256 1286 apud
283 1233 464 1273 homines
491 1233 533 1272 in
562 1233 752 1272 extremis
779 1239 900 1284 atque
923 1232 1074 1272 ultimis
1102 1233 1290 1286 gentibus
1316 1234 1477 1285 positos,

147 1303 279 1344 nobile
295 1310 336 1344 et
349 1304 505 1344 illustre
519 1304 627 1357 apud
642 1317 778 1344 omnes
794 1317 938 1344 nomen
953 1304 1126 1344 civitatis
1141 1310 1233 1344 tuae
1248 1304 1478 1357 profuisset:

147 1374 224 1424 ille,
257 1375 437 1428 quisquis
468 1382 563 1424 erat,
597 1389 716 1427 quem
746 1382 793 1414 tu
821 1376 864 1414 in
894 1388 1049 1415 crucem
1081 1375 1271 1427 rapiebas,
1304 1375 1372 1427 qui
1406 1375 1479 1414 tibi

148 1452 253 1486 esset
270 1447 443 1501 ignotus,
467 1461 556 1487 cum
576 1447 702 1486 civem
721 1460 763 1486 se
783 1447 1008 1486 Romanum
1028 1460 1111 1487 esse
1130 1446 1290 1495 diceret,
1311 1446 1418 1499 apud
1438 1452 1478 1486 te

147 1524 372 1570 praetorem
411 1518 548 1571 populi
590 1518 771 1566 Romani,
811 1518 843 1557 si
881 1531 961 1557 non
999 1518 1199 1571 effugium,
1240 1531 1289 1557 ne
1326 1531 1477 1557 moram

147 1589 310 1641 quidem
329 1590 468 1629 mortis
488 1589 689 1629 mentione
708 1595 829 1641 atque
849 1589 1106 1641 usurpatione
1126 1589 1298 1628 civitatis
1312 1589 1477 1641 adsequi

147 1661 303 1713 potuit?
345 1661 538 1701 Homines
555 1667 705 1709 tenues,
720 1661 885 1700 obscuro
901 1660 986 1700 loco
1001 1661 1095 1708 nati,
1111 1661 1312 1714 navigant,
1326 1660 1478 1700 adeunt
1496 1668 1547 1707 65

146 1730 198 1770 ad
227 1745 272 1772 ea
299 1731 395 1780 loca,
417 1745 518 1784 quae
547 1745 751 1783 nunquam
779 1737 897 1771 antea
916 1730 1115 1779 viderunt,
1137 1731 1205 1770 ubi
1234 1744 1362 1783 neque
1391 1732 1476 1771 noti
1497 1743 1553 1779 167

147 1815 231 1842 esse
259 1803 315 1843 eis
335 1816 414 1855 quo
433 1809 641 1852 venerunt,
663 1816 791 1855 neque
820 1816 974 1855 semper
993 1816 1083 1841 cum
1102 1802 1371 1856 cognitoribus
1392 1816 1475 1842 esse

145 1879 322 1927 possunt.
381 1874 468 1914 Hac
497 1888 576 1914 una
604 1880 739 1913 tamen
758 1873 902 1913 fiducia
921 1873 1095 1912 civitatis
1123 1886 1203 1912 non
1231 1873 1350 1913 modo
1367 1872 1475 1926 apud

145 1951 302 1986 nostros
321 1946 590 1999 magistratus,
612 1945 681 1998 qui
701 1951 742 1985 et
759 1944 893 1998 legum
913 1950 954 1984 et
973 1944 1278 1984 existimationis
1301 1944 1476 1997 periculo

145 2017 412 2065 continentur,
452 2030 580 2068 neque
617 2015 725 2068 apud
767 2016 871 2056 cives
908 2015 1036 2055 solum
1078 2015 1288 2063 Romanos,
1329 2015 1397 2067 qui
1435 2021 1476 2054 et

145 2088 338 2128 sermonis
357 2094 399 2128 et
417 2088 514 2127 iuris
533 2094 575 2128 ct
593 2087 811 2127 multarum
839 2101 972 2127 rerum
998 2087 1185 2127 societate
1213 2087 1338 2126 iuncti
1366 2093 1471 2134 sunt,

145 2159 230 2199 fore
262 2173 304 2198 se
337 2165 447 2199 tutos
479 2159 736 2207 arbitrantur,
772 2158 852 2207 sed,
883 2171 1119 2210 quocunque
1147 2158 1340 2206 venerint,
1374 2157 1473 2196 hanc

144 2229 220 2269 sibi
239 2243 323 2269 rem
342 2229 539 2282 praesidio
557 2236 720 2281 sperant
738 2229 926 2268 futuram.
985 2228 1096 2268 Tolle
1115 2229 1215 2267 hanc
1235 2241 1355 2281 spem,
1379 2227 1472 2268 tolle
1494 2239 1548 2269 168

144 2300 218 2340 hoc
246 2299 488 2353 praesidium
514 2300 665 2339 civibus
694 2300 883 2340 Romanis
897 2316 908 2349 3
940 2300 1137 2339 constitue
1157 2298 1256 2338 nihil
1284 2312 1367 2338 esse
1387 2299 1471 2351 opis

145 2371 187 2410 in
214 2371 287 2410 hac
307 2384 426 2410 voce:
455 2372 540 2409 civis
565 2371 753 2410 Romanus
780 2385 860 2410 snm
874 2386 884 2420 5
917 2384 1030 2422 posse
1058 2370 1219 2422 impune
1248 2375 1470 2422 praetorem

143 2447 215 2481 aut
241 2440 364 2481 alium
390 2440 608 2493 quemlibet
635 2441 871 2494 supplicium
891 2441 998 2493 quod
1016 2441 1116 2482 velit
1143 2441 1182 2480 in
1212 2454 1302 2481 eum
1331 2441 1471 2481 consti-
