1674 2729
147 193 303 241 69.177]
330 195 396 230 IN
419 193 608 229 GAJUM
637 193 867 228 VERREM
889 193 1193 229 SECUNDAE
1218 194 1318 229 Lm.
1347 195 1382 229 V.
1435 203 1479 237 73

149 305 346 351 temptata
375 299 452 338 iam
472 304 514 337 et
532 305 671 350 coepta
700 304 795 336 suut
813 298 864 336 ab
885 298 971 346 isto,
993 312 1016 336 a
1037 311 1098 336 nie
1127 305 1262 337 autem
1293 297 1479 349 pervesti-

146 375 241 422 gata
260 377 302 409 et
320 369 490 422 cognita,
508 382 649 408 moneo
670 377 715 407 ut
735 369 967 421 exstinguas
988 375 1029 408 et
1048 368 1204 421 longius
1224 368 1409 422 progredi
1431 382 1479 408 ne

145 439 261 479 sinas.
311 439 461 493 Magno
482 445 552 478 tuo
572 439 746 491 periculo
767 439 994 491 peccabitur
1013 439 1052 477 in
1070 439 1141 478 hoe
1158 439 1314 488 iudicio,
1333 439 1479 479 maiore

145 523 266 562 quam
293 517 421 564 putas.
481 510 596 560 Quod
626 511 730 550 enini
762 517 800 550 te
826 510 1038 550 liberatum
1067 511 1144 549 iam
1174 510 1479 550 existimationis

145 587 267 630 metu,
288 580 524 621 defunctum
554 581 780 630 honoribus,
805 581 1058 634 designatum
1088 580 1288 620 consulem
1317 580 1477 634 cogites,

145 652 244 692 mihi
263 652 390 702 crede,
411 659 645 692 ornamenta
674 653 749 692 ista
769 659 810 692 et
829 653 1017 692 beneficia
1045 652 1181 704 populi
1211 652 1379 692 Romani
1400 665 1478 691 non

145 724 298 764 minore
326 725 487 778 negotio
516 725 740 764 retinentur
759 737 878 776 quam
907 730 1195 776 comparantur.
1254 723 1365 762 Tulit
1384 722 1479 762 haec

144 794 296 843 civitas,
336 795 468 847 quoad
506 795 649 847 potuit,
685 794 816 846 quoad
855 808 1011 834 neeesse
1049 794 1138 842 fuit,
1173 794 1323 848 regiam
1360 793 1479 832 istam

145 872 320 906 vestram
347 865 661 906 dominationem
693 866 733 904 in
764 865 919 905 iudiciis
948 872 989 905 et
1017 866 1058 904 iu
1087 865 1193 904 omni
1224 878 1266 904 re
1297 864 1478 917 publica;

145 936 262 976 tulit:
296 937 367 977 sed
396 951 474 989 quo
502 937 567 976 die
601 936 747 990 populo
777 937 956 976 Romano
986 936 1137 975 tribuni
1165 936 1270 988 plebi
1300 935 1477 975 restituti

143 1013 249 1056 sunt,
267 1008 399 1047 omnia
419 1008 495 1047 ista
510 1008 632 1056 vobis,
651 1008 683 1046 si
704 1008 807 1047 forte
827 1007 1005 1046 nondum
1025 1006 1269 1060 intellegitis,
1290 1006 1478 1059 adempta

142 1084 264 1130 atque
293 1085 429 1131 erepta
457 1086 560 1118 sunt.
621 1079 811 1118 Omnium
840 1092 944 1118 nune
972 1078 1075 1118 oculi
1104 1078 1270 1117 coniecti
1291 1083 1385 1117 sunt
1404 1077 1477 1117 hoc

143 1149 229 1202 ipso
267 1155 445 1202 tempore
483 1150 524 1188 in
561 1163 686 1189 unum
719 1163 916 1201 quemque
954 1155 1146 1197 nostrum,
1182 1162 1260 1200 qua
1293 1148 1371 1188 fide
1404 1162 1477 1202 ego

143 1233 333 1268 accusem,
356 1234 434 1272 qua
454 1219 645 1274 religione
665 1221 705 1259 hi
726 1220 914 1269 iudicent,
936 1234 1014 1272 qua
1035 1226 1080 1259 tu
1100 1220 1253 1259 ratione
1273 1219 1473 1259 defendas.

143 1290 205 1331 De
220 1291 403 1330 omnibus
419 1291 543 1340 nobis,
559 1291 590 1330 si
604 1292 671 1343 qui
685 1291 886 1331 tantulum
899 1291 1068 1331 derecta
1082 1291 1244 1344 regione
1255 1290 1474 1338 deflexerit,

143 1376 223 1402 non
242 1362 310 1402 illa
325 1363 446 1402 tacita
462 1363 717 1411 existimatio,
735 1377 853 1415 quam
869 1369 987 1402 antea
1008 1368 1259 1402 contemnere
1278 1361 1474 1410 solebatis,

142 1432 213 1473 sed
233 1433 445 1473 vehemens
465 1448 509 1473 ac
528 1433 697 1473 liberum
717 1433 853 1486 populi
869 1433 1039 1473 Romani
1058 1433 1248 1472 iudicium
1269 1445 1476 1484 conseque-

143 1509 219 1543 tur.
258 1503 384 1542 'Nulla
399 1504 483 1552 tibi,
503 1504 661 1552 Quinte,
679 1517 768 1543 cum
783 1504 860 1543 isto
876 1504 1070 1557 cognatio,
1085 1503 1194 1543 nulla
1208 1502 1457 1543 necessitudo
1466 1518 1476 1551 3

143 1574 287 1626 quibus
330 1575 650 1614 excusationibus
693 1582 811 1614 antea
853 1575 1019 1614 nimium
1066 1575 1107 1613 in
1149 1573 1282 1626 aliquo
1328 1573 1475 1613 iudicio

141 1644 321 1684 studium
360 1651 474 1684 tuum
511 1645 726 1685 defendere
763 1645 926 1694 solebas,
968 1659 1102 1685 earum
1141 1645 1285 1684 habere
1322 1644 1362 1683 in
1401 1644 1474 1684 hoc

142 1715 302 1755 homine
349 1715 499 1755 nullam
545 1722 668 1768 potes.
746 1715 856 1764 Quae
893 1716 968 1755 iste
1006 1716 1047 1754 in
1093 1716 1296 1768 provincia
1342 1714 1472 1767 palam

141 1786 364 1835 dictitabat,
400 1800 489 1826 cum
527 1800 583 1836 ea,
619 1800 720 1839 quae
757 1787 937 1835 faciebat,
979 1792 1048 1826 tua
1085 1800 1126 1826 se
1164 1785 1308 1825 fiducia
1345 1786 1473 1825 faeere

140 1857 309 1907 dicebat,
332 1872 377 1898 ea
397 1872 446 1898 ne
465 1871 560 1898 vera
587 1864 782 1911 putentur
801 1859 875 1897 tibi
895 1858 1067 1898 maxime
1087 1863 1148 1897 est
1166 1856 1468 1910 providendum.

1500 518 1555 549 175

1496 1296 1554 1333 176

141 1927 226 1982 Ego
246 1929 323 1968 mei
342 1929 538 1968 rationem
557 1929 637 1968 iam
656 1929 770 1968 officii
791 1928 946 1968 confido
966 1942 1049 1968 esse
1069 1928 1251 1968 omnibus
1278 1928 1473 1980 iniquissi-
1491 1935 1542 1974 69

140 1999 215 2039 mis
252 2000 350 2040 meis
389 2000 632 2053 persolutam
647 2016 657 2050 ;
704 2015 795 2040 nam
833 2001 955 2040 istum
996 2000 1131 2053 paucis
1173 1999 1280 2038 horis
1321 1999 1472 2052 primae
1492 2015 1548 2043 177

139 2070 306 2110 actionis
332 2072 510 2110 omnium
535 2071 764 2111 mortalium
793 2071 1002 2110 sententiis
1028 2070 1299 2110 condemnavi.
1365 2069 1472 2109 Reli-

140 2154 265 2193 quum
279 2141 470 2181 iudicium
490 2142 569 2181 iam
589 2157 668 2182 non
687 2142 737 2182 de
757 2156 845 2182 mea
864 2142 952 2191 fide,
971 2155 1071 2193 quae
1087 2146 1291 2194 perspecta
1311 2146 1382 2189 est,
1400 2154 1471 2180 nec

139 2212 190 2253 de
210 2213 324 2252 istius
344 2213 438 2261 vita,
454 2227 554 2265 quac
573 2213 762 2253 damnata
782 2219 852 2261 est,
871 2213 940 2253 sed
959 2212 1009 2252 de
1029 2211 1224 2251 iudicibus
1245 2218 1295 2260 et,
1313 2224 1404 2251 vere
1424 2216 1471 2250 ut

139 2284 279 2334 djcam‚
301 2284 350 2324 de
380 2291 419 2324 te
448 2285 630 2324 futurum
653 2291 722 2324 est.
781 2285 839 2324 At
858 2298 937 2336 quo
966 2291 1144 2337 tempore
1172 2284 1354 2323 futurum
1382 2285 1471 2323 est?

141 2382 193 2387 —-
213 2369 303 2395 nam
323 2355 365 2395 id
385 2355 557 2395 maxime
585 2355 877 2408 providendum
898 2362 958 2395 est
971 2372 981 2405 ,-
1011 2355 1157 2395 etenim
1178 2368 1266 2394 cum
1287 2354 1469 2393 omnibus

140 2428 180 2466 in
214 2427 342 2474 rebus,
375 2432 460 2465 tum
490 2426 530 2465 in
560 2440 601 2466 re
634 2426 791 2478 publica
823 2426 1028 2479 permagni
1058 2425 1248 2465 momenti
1278 2430 1340 2465 cst
1367 2424 1469 2464 ratio
