1700 2729
239 192 283 224 24
537 183 592 216 M.
628 184 665 217 T.
697 183 988 218 CICERONIS
1011 184 1275 219 ACTJONJS
1435 184 1506 231 [22.
1523 185 1567 220 57

239 286 435 326 nuntiasti
467 287 685 326 ‘libenter’
716 295 756 327 te
785 288 1037 327 Mamertinis
1067 289 1282 337 remittere,
1312 289 1500 329 adierunt
1528 295 1568 329 te

236 363 279 397 et
315 357 482 397 eandem
520 371 633 397 suam
671 372 828 408 causam
867 359 1038 398 foederis
1077 373 1160 399 csse
1198 360 1430 399 docuerunt.
1506 359 1570 399 Tu

235 427 352 468 aliter
380 429 592 469 decernere
621 429 759 469 eadem
788 430 829 468 in
859 443 975 468 causa
1004 443 1083 469 non
1112 431 1280 482 potuisti
1294 447 1304 481 3
1333 431 1568 484 pronuntias

183 536 185 538 .
235 498 406 539 Netinos
440 500 688 539 frumentum
721 500 815 539 dare
850 514 929 540 non
964 500 1219 549 ‹lebcre‚—et
1251 502 1301 541 ab
1338 502 1400 541 his
1434 508 1568 541 tamen

235 570 372 623 exigis.
446 570 555 610 Cedo
593 571 692 609 mihi
731 571 906 610 eiusdem
946 572 1140 623 praetoris
1173 572 1328 612 litteras
1362 578 1402 612 et
1435 586 1568 612 rerum

235 640 485 680 decretarum
515 647 556 680 et
583 641 777 681 frumenti
805 642 1000 694 imperati.
1072 643 1287 682 LITTERAE
1317 654 1469 683 RERUM
1497 653 1568 682 DE-

234 721 477 750 CRETARUM.
538 711 644 760 Quid
672 712 806 763 potius
835 712 877 750 in
906 713 978 751 hac
1007 718 1121 752 tanta
1145 719 1186 753 et
1206 720 1288 752 tam
1308 714 1417 766 turpi
1437 714 1568 753 incon-

233 782 382 821 stantia
402 782 593 834 suspicari
619 795 839 834 possumus,
869 783 1029 832 iudices,
1059 797 1188 835 quam,
1215 785 1257 823 id
1283 785 1390 836 quod
1410 798 1567 824 necesse

233 859 304 901 est,
327 859 398 892 aut
416 853 484 892 isti
510 868 533 892 a
559 853 720 892 Netinis
747 854 966 905 pecuniam,
989 868 1079 893 cum
1105 862 1294 907 posceret,
1318 869 1398 895 11011
1417 855 1564 904 datam,

232 930 304 963 aut
335 924 378 963 id
411 938 495 963 esse
529 930 673 972 actum,
710 930 757 963 ut
789 924 1071 978 intellegerent
1108 926 1352 975 Mamertini,
1387 926 1488 966 bene
1526 940 1567 966 se

231 995 340 1047 apud
369 995 493 1034 istum
523 1001 607 1034 tam
637 995 764 1034 multa
794 996 922 1048 pretia
952 1011 997 1035 ac
1028 1010 1193 1036 munera
1224 997 1443 1046 collocasse,
1477 1011 1567 1037 cum

232 1066 340 1106 idem
359 1066 426 1105 alii
446 1067 543 1105 iuris
564 1080 614 1106 ex
634 1067 772 1106 eadem
793 1081 910 1106 causa
930 1081 1010 1107 non
1029 1068 1286 1108 obtinerent?

176 1154 214 1183 57
287 1137 365 1177 Hic
394 1137 492 1176 mihi
521 1138 643 1177 etiam
671 1137 837 1177 audebit
869 1139 1114 1178 mentionem
1144 1139 1272 1179 facere
1300 1139 1566 1179 Mamertinae

232 1209 497 1249 laudationis!
540 1210 582 1248 in
616 1224 694 1262 qua
727 1224 847 1262 quam
885 1210 1013 1250 multa
1051 1211 1132 1250 sint
1169 1211 1342 1259 volnera,
1379 1211 1467 1263 quis
1505 1217 1566 1251 est

232 1287 422 1329 vestrum,
453 1281 613 1329 iudices,
646 1282 742 1333 quin
775 1282 1012 1336 intellegat?
1055 1283 1228 1334 primum
1260 1289 1308 1322 ut
1335 1283 1376 1322 in
1410 1283 1566 1322 iudiciis

234 1353 302 1404 qui
335 1352 471 1392 decem
505 1352 732 1392 laudatores
766 1353 860 1392 dare
899 1367 978 1392 non
1016 1359 1160 1406 potest,
1197 1354 1402 1393 honestius
1436 1359 1497 1393 est
1530 1354 1566 1393 ei

232 1424 388 1463 nullum
416 1424 511 1464 dare
540 1438 659 1476 quam
693 1424 806 1463 illum
836 1426 947 1476 quasi
981 1425 1206 1478 legitimum
1240 1439 1450 1464 numerum
1479 1438 1566 1464 con-

233 1496 457 1535 suetudinis
495 1509 575 1535 non
613 1495 782 1548 explere.
861 1496 940 1535 Tot
981 1496 1023 1534 in
1065 1496 1199 1535 Sicilia
1237 1496 1419 1535 civitates
1458 1502 1562 1544 sunt,

232 1568 376 1620 quibus
396 1573 443 1607 tu
458 1581 529 1620 per
549 1567 767 1607 triennium
787 1567 997 1619 praefuisti
1013 1584 1019 1608 :
1041 1574 1218 1621 arguunt
1237 1573 1400 1615 ceterae,
1417 1581 1565 1620 paucae

233 1645 274 1678 et
292 1652 438 1691 parvae
459 1645 499 1678 et
524 1645 636 1677 metu
661 1652 862 1691 repressae
889 1638 1018 1687 silent,
1048 1652 1127 1678 una
1153 1623 1445 1679 la11dat}—hoc
1468 1638 1565 1690 quid

234 1716 295 1751 est
327 1711 403 1750 nisi
436 1710 679 1763 intellegere,
716 1710 814 1761 quid
846 1710 993 1750 habeat
1025 1710 1213 1750 utilitatis
1247 1724 1342 1750 vera
1374 1710 1562 1759 laudatio,

233 1781 302 1821 sed
322 1788 457 1821 tamen
476 1782 533 1820 ita
559 1781 784 1833 provinciae
810 1781 1038 1834 praefuisse,
1067 1787 1115 1820 ut
1139 1781 1212 1820 hac
1236 1781 1414 1820 utilitate
1437 1794 1566 1820 neces-

175 1873 214 1910 58
232 1858 335 1896 sario
368 1857 421 1896 sit
454 1855 697 1895 carendum?
740 1855 894 1903 deinde,
931 1854 1039 1906 quod
1076 1854 1154 1893 alio
1192 1854 1277 1893 loco
1315 1858 1434 1892 antea
1465 1852 1561 1900 dixi,

232 1941 334 1980 quae
371 1933 433 1967 est
469 1927 546 1965 ista
583 1926 747 1965 tandem
784 1925 973 1974 laudatio,
1015 1925 1124 1964 cuius
1163 1924 1404 1963 laudationis
1440 1923 1564 1976 legati

233 2006 274 2039 et
292 1999 489 2052 principes
516 2004 557 2037 et
581 1997 738 2050 publice
765 1997 839 2036 tibi
867 2010 1011 2036 navem
1039 1996 1288 2035 aedificatam
1314 2001 1356 2034 et
1373 1994 1562 2047 privatim

231 2084 272 2111 se
291 2071 397 2124 ipsos
416 2071 486 2109 abs
506 2075 546 2109 te
571 2068 759 2120 spoliatos
786 2068 1060 2120 expilatosque
1087 2081 1170 2106 esse
1196 2067 1416 2106 dixerunt'l
1470 2065 1563 2105 Pos—

230 2148 359 2182 tremo
379 2141 477 2194 quid
496 2140 605 2179 aliud
624 2140 691 2179 isti
711 2140 874 2188 faciunt,
897 2152 986 2178 cum
1006 2144 1046 2178 te
1067 2138 1139 2177 soli
1160 2152 1211 2177 ex
1230 2137 1364 2177 Sicilia
1382 2136 1560 2185 laudant,

229 2215 306 2253 nisi
338 2212 568 2253 testimonio
602 2212 715 2251 nobis
748 2217 852 2259 sunt,
889 2210 1021 2249 omnia
1054 2215 1095 2248 te
1129 2209 1202 2248 sibi
1237 2222 1321 2248 esse
1358 2207 1559 2261 largitum,

229 2299 330 2337 quae
357 2291 403 2325 tu
428 2285 478 2324 de
506 2297 548 2323 re
576 2283 735 2335 publica
763 2288 899 2321 nostra
927 2281 1178 2320 detraxeris?
1207 2293 1308 2332 quae
1329 2279 1482 2319 colonia
1501 2283 1562 2318 est

228 2358 270 2395 in
303 2357 421 2396 Italia
450 2362 533 2395 tam
565 2355 670 2394 bono
703 2354 799 2401 iure,
831 2353 938 2404 quod
968 2358 1051 2391 tam
1080 2352 1257 2390 immune
1285 2350 1558 2402 municipium,

228 2429 336 2480 quod
368 2442 439 2480 per
471 2428 588 2467 hosce
621 2439 745 2465 annos
780 2431 863 2464 tam
898 2424 1104 2464 commoda
1137 2423 1344 2463 vacatione
1383 2421 1560 2461 omnium
