1700 2729
218 214 239 248 6
512 216 567 249 ᾸῙ.
601 216 639 250 T.
671 216 962 250 CICERONIS
986 215 1250 251 ACTJONJS
1442 215 1550 261 [6.12

162 322 186 360 6
218 319 335 358 laude
348 319 519 372 disputo.
562 319 665 369 Quid
679 320 747 368 ais,
763 320 864 359 bone
878 327 1008 359 custos
1022 320 1285 372 defensorque
1301 321 1551 373 provinciae?

164 405 200 424 12
218 398 264 429 tu
297 403 395 442 quos
433 403 566 430 servos
599 404 709 429 arma
743 404 879 442 capere
915 396 955 429 et
987 390 1136 430 bellum
1174 391 1301 430 facere
1339 391 1380 430 in
1418 390 1552 430 Sicilia

217 461 388 501 voluisse
418 475 607 515 cognoras
628 468 668 501 et
688 462 737 501 de
764 462 916 501 consilii
945 463 1144 501 sententia
1173 462 1378 511 iudicaras,
1401 462 1472 502 hos
1500 462 1552 501 ad

217 532 454 585 supplicium
487 533 567 571 iam
599 546 709 572 more
742 533 937 571 maiorum
974 533 1144 572 traditos
1178 546 1228 572 ex
1261 533 1392 572 media
1424 538 1553 572 morte

218 605 369 657 eripere
401 618 446 643 ac
478 604 646 644 liberare
679 618 798 643 ausus
832 618 883 652 es,
919 610 976 652 ut,
1013 618 1132 656 quam
1165 604 1364 643 damnatis
1398 617 1553 644 erucem

218 675 342 715 servis
372 676 525 724 fixeras,
558 676 660 714 hanc
690 675 932 715 indemnatis
962 675 1149 714 videlicet
1179 675 1330 714 civibus
1363 675 1553 715 Romanis

218 759 448 785 reservares.
521 746 708 785 Perditae
755 746 937 784 civitates
979 746 1198 798 desperatis
1245 747 1324 785 iam
1371 747 1554 786 omnibus

219 817 335 856 rebus
374 817 444 856 hos
483 816 613 856 solent
646 817 778 856 exitus
813 816 993 856 exitiales
1027 817 1182 865 habere,
1218 823 1265 856 ut
1297 817 1476 856 damnati
1512 818 1554 856 in

218 889 421 940 integrum
440 888 717 936 restituantur,
739 887 864 926 vincti
884 887 1101 936 solvantur,
1125 887 1280 926 exsules
1300 887 1552 936 reducantur,

218 972 280 998 res
309 958 506 998 iudicatae
535 958 822 998 rescindantur.
883 958 992 1007 Quae
1013 972 1102 997 cum
1130 958 1327 1007 accidunt,
1350 972 1466 998 nemo
1495 964 1556 998 est

220 1031 317 1082 quin
332 1030 541 1083 intellegat
555 1044 670 1070 ruere
685 1030 794 1069 illam
810 1044 894 1069 rem
913 1030 1112 1082 publicam
1127 1046 1137 1079 3
1157 1030 1252 1069 haec
1267 1031 1335 1069 ubi
1352 1031 1553 1079 eveniunt,

220 1115 337 1141 nemo
358 1108 427 1149 est,
451 1102 519 1153 qui
547 1101 670 1140 ullam
699 1115 809 1154 spem
838 1101 977 1140 salutis
1006 1101 1199 1152 reliquam
1223 1115 1306 1141 esse
1325 1102 1553 1141 arbitretur.

167 1189 202 1218 13
221 1172 357 1223 Atque
399 1172 505 1220 haec,
550 1172 675 1211 sicubi
718 1172 821 1211 facta
865 1178 969 1219 sunt,
1010 1172 1115 1210 facta
1157 1179 1251 1211 sunt
1288 1178 1335 1211 ut
1377 1172 1556 1212 homines

220 1243 430 1295 populares
459 1249 530 1281 aut
559 1243 710 1282 nobiles
739 1242 932 1294 supplicio
961 1249 1032 1281 aut
1061 1242 1200 1282 exsilio
1228 1242 1480 1283 levarentur:
1514 1250 1557 1282 at

222 1327 301 1352 non
321 1314 371 1352 ab
387 1314 441 1353 eis
461 1314 556 1365 ipsis
573 1314 641 1365 qui
660 1313 912 1361 iudicassent,
931 1320 973 1352 at
994 1327 1073 1352 non
1094 1314 1240 1361 statim,
1258 1320 1301 1352 at
1321 1327 1400 1353 non
1420 1327 1557 1353 eorum

222 1385 443 1423 facinorum
463 1384 652 1432 damnati,
676 1397 776 1436 quae
805 1384 856 1423 ad
876 1385 1002 1423 vitam
1031 1390 1072 1423 et
1091 1384 1142 1423 ad
1171 1385 1353 1424 fortunas
1379 1384 1557 1424 omnium

222 1456 478 1508 pertinerent.
538 1455 626 1494 Hoc
646 1469 740 1495 vero
769 1469 919 1494 novum
948 1461 988 1494 et
1015 1456 1097 1494 eius
1127 1455 1235 1494 modi
1265 1461 1334 1504 est,
1356 1462 1404 1494 ut
1431 1456 1558 1509 magis

222 1533 386 1579 propter
408 1539 531 1575 reum,
554 1540 673 1577 quam
702 1532 865 1578 propter
884 1540 968 1565 rem
997 1526 1123 1578 ipsam
1144 1526 1330 1565 credibile
1349 1526 1557 1566 videatur:

222 1604 270 1636 ut
289 1597 468 1636 homines
498 1611 642 1645 servos,
664 1603 712 1635 ut
730 1597 814 1648 ipse
834 1597 902 1648 qui
931 1597 1137 1645 iudicarat,
1160 1604 1207 1636 ut
1226 1597 1364 1636 statim
1388 1611 1409 1636 e
1428 1597 1559 1636 medio

223 1669 416 1721 supplicio
436 1668 642 1716 dimiserit,
665 1676 712 1707 ut
732 1669 815 1707 eius
840 1668 1025 1707 facinoris
1045 1668 1255 1708 damnatos
1285 1682 1429 1717 servos,
1452 1668 1560 1720 quod

224 1740 275 1779 ad
304 1740 482 1779 omnium
510 1739 726 1779 liberorum
756 1745 875 1791 caput
904 1745 945 1778 et
973 1740 1208 1792 sanguinem
1235 1739 1465 1791 pertineret.
1525 1739 1559 1779 O

171 1830 207 1858 14
224 1811 469 1863 praeclarum
489 1811 770 1863 imperatorem
790 1824 861 1849 nec
876 1811 955 1849 iam
971 1824 1061 1849 cum
1076 1810 1141 1849 Μ’.
1160 1810 1325 1862 Aquilio
1342 1810 1559 1850 fortissimo

224 1883 321 1930 viro,
340 1881 409 1920 sed
425 1895 519 1920 vero
536 1895 625 1920 cum
641 1881 802 1929 Paullis,
821 1881 1082 1933 Scipionibus,
1101 1881 1241 1920 Mariis
1257 1881 1559 1920 conferendum!

225 1958 437 1991 tantumne
470 1951 618 1991 vidisse
651 1951 692 1990 in
725 1957 837 1990 metu
874 1950 1128 2003 periculoque
1166 1951 1416 2002 provinciae!
1469 1965 1560 1990 cum

226 2023 480 2063 servitiorum
517 2023 670 2062 animos
708 2023 749 2061 in
788 2022 921 2062 Sicilia
959 2035 1169 2074 suspensos
1211 2027 1375 2074 propter
1411 2022 1561 2062 bellum

227 2094 367 2134 Italiae
387 2095 651 2147 fugitivorum
671 2094 850 2133 videret:
881 2107 929 2132 ne
946 2093 1033 2145 quis
1055 2107 1095 2132 se
1116 2106 1363 2133 commovere
1382 2093 1559 2142 auderet,

227 2172 423 2218 quantum
461 2166 624 2206 terroris
658 2166 816 2205 iniecit!
860 2165 1141 2217 comprehendi
1178 2165 1316 2204 iussit:
1360 2165 1448 2216 quis
1481 2178 1562 2204 non

226 2239 511 2290 pertimescat?
544 2251 701 2277 causam
721 2237 851 2276 dicere
871 2237 1075 2276 dominos:
1107 2236 1204 2288 quid
1232 2250 1346 2276 servo
1375 2243 1460 2276 tam
1487 2237 1563 2276 for-

227 2309 494 2349 midolosum?
531 2309 690 2348 ‘fecisse
719 2307 867 2347 videri'
901 2307 1137 2359 pronuntiat
1151 2323 1161 2357 3
1195 2313 1375 2347 exortam
1403 2307 1564 2347 videtur

228 2383 428 2420 flammam
465 2394 682 2432 paucorum
720 2379 856 2418 dolore
894 2393 938 2417 ac
976 2385 1105 2418 morte
1143 2379 1384 2418 rcstinxisse.
1457 2378 1564 2428 Quid

229 2452 373 2492 deinde
407 2452 616 2502 sequitur?
649 2451 814 2490 verbera
843 2456 962 2502 atque
997 2451 1108 2503 ignes
1138 2457 1179 2489 et
1207 2450 1274 2489 illa
1307 2455 1486 2489 extrema
1513 2449 1565 2488 ad
