1700 2729
153 392 189 420 17

145 1234 171 1274 8

149 1309 184 1339 18

147 1898 184 1925 19

211 200 230 234 8
508 199 564 233 M.
599 199 638 232 T.
668 197 959 235 CICERONIS
983 198 1246 234 ACTJONJS
1438 197 1544 245 [7.17

208 304 291 356 ipsc
329 303 507 342 adcurrit
544 317 633 342 cum
671 303 924 342 adulescente
958 302 1039 342 filio
1053 318 1064 353 3
1102 317 1193 342 nam
1232 311 1345 356 pater
1381 303 1545 357 grandis

208 381 307 415 natu
325 375 404 415 iam
424 375 495 414 diu
514 374 617 414 lecto
637 375 859 414 tenebatur.
919 373 1114 414 Nominat
1133 375 1208 414 iste
1232 388 1402 424 servum,
1425 388 1544 427 quem

207 452 306 499 natu
325 447 562 500 magistrum
581 447 733 498 pecoris
758 459 841 485 esse
870 445 1021 485 diceret
1034 462 1045 495 3
1074 459 1165 485 eum
1193 446 1292 485 dicit
1320 446 1544 486 coniurasse

208 524 248 558 et
267 518 437 557 familias
458 518 673 557 concitasse
690 534 696 557 :
717 517 750 556 is
771 517 933 556 omnino
954 531 1090 556 servus
1111 518 1153 556 in
1173 517 1324 557 familia
1344 531 1425 557 non
1444 523 1540 558 erat.

206 590 309 630 Eum
356 590 493 629 statim
541 589 720 628 exhiberi
766 589 887 627 iubet.
960 588 1198 640 Apollonius
1245 588 1456 628 adfirmare
1502 602 1544 628 se

206 662 368 702 omnino
383 661 543 700 nomine
558 660 626 699 illo
643 673 805 699 servum
821 659 966 699 habere
982 660 1192 699 neminem.
1243 660 1326 699 Iste
1341 660 1544 700 hominem

205 731 333 784 abripi
352 745 375 770 a
395 730 586 770 tribunali
607 736 648 769 et
666 730 709 768 in
729 742 924 768 carcerem
945 729 1069 768 conici
1088 730 1210 769 iubet.
1270 729 1454 770 Clamare
1476 729 1543 769 ille

205 815 295 841 cum
317 807 535 854 raperetur,
558 800 658 839 nihil
687 813 728 839 se
756 800 946 839 miserum
975 799 1124 848 fecisse,
1147 799 1247 839 nihil
1277 800 1519 840 commisisse
1533 816 1544 850 3

204 874 413 926 pecuniam
433 873 507 913 sibi
528 886 611 912 esse
637 873 679 911 in
708 872 946 920 nominibus,
969 877 1221 911 numeratam
1248 872 1291 911 in
1319 872 1544 925 praesentia

204 958 284 985 non
299 945 454 984 habere.
506 944 616 984 Haec
632 957 722 983 cum
736 943 909 982 maxime
925 956 1080 982 summa
1094 943 1303 983 hominum
1317 943 1544 995 frequentia

204 1016 496 1064 testificaretur,
551 1021 599 1054 ut
652 1014 783 1066 quivis
830 1014 1063 1067 intellegere
1109 1019 1245 1067 posset
1292 1028 1394 1064 eum,
1435 1014 1543 1066 quod

203 1087 412 1140 pecuniam
431 1101 511 1127 non
531 1086 717 1134 dedisset,
739 1085 885 1125 idcirco
904 1085 972 1125 illa
993 1093 1076 1124 tam
1096 1085 1237 1125 acerba
1255 1085 1401 1125 iniuria
1426 1085 1542 1125 adfici

203 1172 347 1198 —cum
376 1158 559 1207 maxime,
585 1163 632 1196 ut
660 1157 759 1206 dico,
781 1157 855 1196 hoc
874 1156 924 1196 de
944 1156 1111 1209 pecunia
1131 1156 1329 1205 clamaret,
1350 1157 1392 1196 in
1412 1156 1542 1196 vincla

205 1230 404 1270 coniectus
426 1235 495 1269 est.
555 1228 702 1268 Videte
731 1227 996 1268 constantiam
1024 1228 1229 1280 praetoris,
1252 1232 1293 1267 et
1321 1227 1405 1267 eius
1433 1240 1542 1280 prae-

205 1302 312 1350 toris,
349 1302 417 1354 qui
450 1302 492 1340 in
526 1301 587 1340 his
624 1301 742 1340 rebus
776 1314 856 1340 non
890 1300 947 1339 ita
978 1299 1219 1340 defendatur
1252 1306 1299 1339 ut
1331 1300 1541 1340 mediocris

203 1379 373 1428 praetor,
414 1372 484 1413 sed
521 1373 578 1412 ita
615 1372 803 1411 laudetur
839 1377 887 1411 ut
925 1371 1099 1424 optimus
1138 1372 1364 1424 imperator.
1437 1371 1540 1412 Cum

203 1458 407 1485 servorum
427 1443 578 1484 bellum
599 1447 857 1491 metueretur,
876 1455 954 1494 quo
975 1442 1169 1495 supplicio
1189 1442 1372 1482 dominos
1391 1442 1541 1482 indem-

203 1522 317 1556 natos
332 1515 553 1564 adficiebat‚
569 1515 643 1554 hoc
659 1528 792 1554 servos
808 1513 1018 1553 damnatos
1031 1513 1245 1553 liberabat:
1265 1513 1537 1566 Apollonium,

203 1587 405 1627 hominem
424 1585 791 1638 locupletissimum,
814 1584 894 1636 qui,
917 1585 950 1623 si
969 1584 1133 1638 fugitivi
1158 1584 1309 1624 bellum
1336 1584 1379 1623 in
1406 1584 1541 1624 Sicilia

203 1658 389 1706 facerent,
420 1657 682 1710 amplissimas
711 1656 893 1695 fortunas
922 1656 1139 1704 amitteret,
1162 1655 1256 1695 belli
1275 1655 1540 1709 fugitivorum

203 1730 373 1778 nomine,
395 1729 546 1768 indicta
575 1742 702 1776 causa,
724 1728 766 1766 in
795 1727 925 1766 vincla
949 1727 1117 1767 coniecit
1130 1743 1141 1777 ,-
1169 1740 1314 1775 servos,
1338 1740 1436 1779 quos
1455 1727 1540 1780 ipse

203 1814 292 1840 cum
312 1800 475 1840 consilio
503 1799 597 1838 belli
625 1798 796 1837 faciendi
826 1811 942 1837 causa
971 1798 1212 1838 consensisse
1241 1798 1444 1846 iudicavit,
1474 1811 1539 1838 eos

203 1871 286 1910 sine
307 1870 459 1910 consilii
484 1869 683 1909 sententia
712 1882 783 1908 sua
811 1874 953 1921 sponte
982 1869 1091 1908 omni
1119 1867 1312 1920 supplicio
1340 1867 1536 1908 liberavit.

203 1943 337 1993 Quid?
377 1943 410 1982 si
440 1941 592 1994 aliquid
622 1942 672 1980 ab
702 1941 917 1994 Apollonio
948 1941 1201 1981 commissum
1234 1946 1305 1989 est,
1338 1953 1459 1992 quam
1489 1940 1540 1980 ob

203 2028 286 2054 rem
306 2015 347 2053 in
372 2027 463 2053 eum
491 2013 576 2052 iure
606 2012 1004 2060 animadverteretur,
1027 2017 1214 2051 tamenne
1243 2011 1343 2050 hanc
1371 2024 1456 2051 rem
1484 2011 1540 2051 sic

202 2099 376 2140 agemus,
398 2091 446 2124 ut
466 2084 620 2124 crimini
640 2089 711 2123 aut
730 2084 904 2124 invidiae
924 2097 992 2123 reo
1012 2089 1199 2136 putemus
1229 2096 1313 2123 esse
1342 2088 1536 2135 oportere,

203 2158 235 2197 si
273 2171 352 2209 quo
389 2156 439 2196 de
477 2156 637 2195 homine
676 2155 851 2195 severius
889 2154 1155 2194 iudicaverit?
1192 2167 1273 2194 non
1305 2168 1422 2208 agam
1455 2159 1539 2193 tam

202 2229 365 2278 acerbe,
394 2241 474 2267 non
497 2233 589 2266 utar
608 2227 685 2266 ista
705 2226 948 2265 accusatoria
968 2225 1267 2274 consuetudine,
1290 2225 1323 2264 si
1352 2224 1450 2277 quid
1478 2230 1540 2265 est

202 2300 353 2340 factum
382 2299 608 2347 clementer,
640 2304 688 2338 ut
715 2297 909 2337 dissolute
943 2298 1094 2336 factum
1133 2297 1317 2336 criminer
1330 2312 1342 2347 3
1379 2297 1412 2335 si
1441 2296 1538 2348 quid

202 2371 449 2411 vindicatum
497 2376 557 2409 est
603 2383 749 2417 severe,
790 2374 837 2408 ut
875 2383 924 2408 ex
963 2382 1008 2408 eo
1051 2367 1298 2407 crudelitatis
1344 2367 1538 2406 invidiam

202 2442 408 2495 colligam3
437 2455 516 2481 non
536 2455 652 2494 agam
672 2441 748 2479 ista
768 2440 945 2479 ratione:
976 2446 1046 2479 tua
1076 2452 1219 2490 sequar
1247 2437 1403 2486 iudicia,
1425 2443 1537 2477 tuam
