1674 2729
127 186 284 234 50.131]
311 188 378 222 IN
399 187 586 223 GAIUM
616 186 844 221 IJ'ERREM
867 186 1172 220 SECUNlL-lli
1199 187 1296 221 l.ll›¹.
1325 187 1360 220 1'.
1415 195 1456 230 53

128 291 208 331 tuis
238 292 443 344 pecuniam
475 291 650 338 domum,
672 291 740 330 sed
774 305 821 329 cx
844 296 912 328 tua
943 289 1166 328 calamitate
1187 290 1304 328 cineri
1337 298 1456 340 atque

127 363 280 402 ossibus
300 363 369 402 filii
400 363 460 402 sui
484 362 673 401 solacium
703 362 788 401 volt
807 361 967 412 aliquod
998 367 1209 413 repertam.
1271 361 1345 400 Hic
1376 367 1455 399 tam

125 433 288 486 grandis
322 440 420 473 natu
454 433 653 472 Eubulida
688 434 759 472 hoe
794 438 952 472 tantum
984 438 1122 471 exacta
1151 438 1282 471 aetate
1314 431 1457 470 laboris

126 504 359 557 itinerisque
375 505 559 557 suscepit,
579 518 655 543 uon
673 511 719 543 ut
734 503 884 555 aliquid
904 503 954 542 de
969 503 1050 542 suis
1067 503 1179 541 bouis
1195 509 1455 555 recuperaret,

126 575 197 616 sed
230 582 287 625 ut,
322 576 467 628 quibus
501 575 623 615 oculis
657 582 840 615 cruentas
879 575 1049 615 cervices
1083 574 1152 613 filii
1190 575 1250 613 sui
1289 574 1455 622 viderat,

127 645 277 686 eisdem
314 653 354 686 te
392 647 701 686 condemnatum
739 646 904 685 videret.
981 646 1022 684 Si
1062 659 1131 697 pcr
1164 645 1206 684 L.
1249 645 1457 684 Metellum

127 716 282 756 licitum
301 724 414 765 esset,
438 718 597 766 iudices,
621 724 767 757 matres
788 717 945 756 illorum
966 717 1199 755 miserorum
1226 729 1456 767 sororesque

127 788 363 828 veniebant:
412 802 580 840 quarum
619 802 708 836 una,
749 802 837 827 cum
876 802 948 840 ego
985 787 1036 826 ad
1075 787 1299 826 Heracliam
1338 793 1457 826 noctu

127 858 365 907 accederem,
401 873 490 898 cum
524 859 707 898 omnibus
741 859 932 897 matronis
966 859 1050 897 eius
1088 858 1261 896 civitatis
1295 864 1336 897 et
1368 871 1456 896 cum

127 928 266 968 multis
285 929 436 968 facibus
466 929 562 968 mihi
583 929 741 968 obviam
770 929 891 976 venit,
915 934 955 967 et
978 929 1043 976 ita,
1066 942 1128 967 me
1148 941 1259 967 suam
1288 927 1456 967 salutem

126 999 341 1052 appellans,
379 1006 418 1039 te
452 1013 567 1039 suum
606 1000 827 1039 carnificem
857 1000 1075 1047 nominans,
1108 999 1178 1037 filii
1212 1013 1355 1038 nomen
1388 999 1457 1038 im-

127 1069 297 1122 plorans,
338 1071 434 1109 mihi
482 1071 532 1109 ad
580 1070 700 1122 pedes
738 1071 881 1110 misera
927 1070 1059 1118 iacuit,
1099 1070 1210 1120 quasi
1254 1083 1326 1123 ego
1374 1070 1456 1109 eius

127 1141 301 1181 excitare
337 1142 388 1181 ab
426 1142 563 1181 inferis
602 1142 727 1180 filium
765 1155 930 1193 possem.
989 1141 1204 1179 Faciebant
1241 1140 1314 1179 hoe
1351 1141 1457 1180 idem

126 1212 267 1252 ceteris
301 1212 343 1251 in
376 1213 605 1251 civitatibus
634 1212 805 1265 grandes
835 1218 933 1250 natu
965 1216 1112 1250 matres
1146 1216 1186 1250 et
1214 1212 1312 1250 item
1345 1212 1457 1263 parvi

126 1281 240 1322 liberi
278 1283 538 1331 miserorum3
585 1297 754 1334 quorum
792 1289 1008 1334 utrumque
1049 1287 1158 1321 aetas
1196 1282 1370 1321 laborem
1417 1287 1458 1321 et

126 1352 367 1392 industriam
393 1367 532 1402 meam,
556 1353 675 1392 fidem
697 1359 737 1392 et
755 1353 1065 1392 misericordiam
1085 1359 1259 1392 vestram
1288 1352 1458 1404 require-

125 1423 206 1463 bat.
279 1423 421 1475 Itaque
455 1424 506 1463 ad
540 1438 614 1472 me,
651 1424 811 1472 iudices,
848 1424 948 1463 hanc
981 1423 1268 1475 querimoniam
1301 1428 1458 1474 praeter

127 1500 278 1534 ceteras
316 1495 450 1535 Sicilia
484 1495 657 1543 detulit3
698 1495 870 1534 lacrimis
905 1508 978 1547 ego
1011 1495 1097 1542 huc,
1134 1508 1213 1533 non
1245 1493 1371 1547 gloria
1403 1494 1458 1532 in-

126 1565 272 1605 ductus
300 1566 455 1614 accessi,
479 1580 528 1605 ne
548 1566 647 1605 falsa
676 1566 891 1613 danmatio,
915 1580 963 1604 ne
984 1579 1123 1613 carcer,
1147 1579 1195 1605 ne
1215 1571 1386 1613 catenae,
1410 1578 1458 1604 ne

127 1637 302 1685 verbera,
343 1651 393 1676 ne
431 1650 598 1685 securcS,
639 1651 687 1676 ne
727 1637 922 1676 cruciatus
965 1637 1171 1684 sociorum,
1212 1649 1260 1675 ne
1299 1636 1458 1689 sanguis

127 1708 411 1756 innocentium,
438 1722 487 1747 ne
518 1708 691 1759 (lenique
722 1708 843 1747 etiam
874 1707 1090 1760 exsanguia
1121 1720 1283 1759 corpora
1312 1712 1458 1746 mortu-

127 1792 252 1827 orum,
274 1792 324 1818 ne
343 1792 499 1818 maeror
519 1785 730 1831 parentum
749 1792 793 1818 ae
817 1779 1130 1831 propinquorum
1160 1778 1459 1831 magistratibus

128 1849 275 1888 nostris
303 1849 487 1900 quaestui
508 1856 642 1901 posset
672 1862 765 1888 esse.
825 1849 944 1888 Hune
975 1862 1048 1902 ego
1068 1849 1099 1887 si
1121 1854 1272 1888 metum
1302 1847 1459 1888 Siciliae

127 1918 385 1959 damnatione
405 1920 520 1959 istius
540 1933 611 1972 per
630 1926 804 1959 vestram
827 1919 947 1959 fidem
967 1925 1008 1959 et
1027 1919 1238 1959 veritatem
1266 1919 1455 1967 deiecere,

127 1989 288 2039 iudices,
311 1990 407 2029 satis
428 1990 554 2029 officio
582 2004 681 2038 meo,
704 1990 799 2029 satis
828 1990 986 2029 illorum
1015 1989 1225 2038 voluntati,
1247 1990 1315 2041 qui
1343 2003 1366 2028 a
1395 2003 1457 2028 me

128 2060 202 2100 hoe
220 2060 462 2112 petiverunt,
485 2060 636 2100 factum
657 2075 740 2100 esse
759 2060 992 2100 arbitrabor.

1480 657 1535 686 1²9

1479 1438 1534 1467 ¹30

183 2130 435 2183 Quapropter
471 2131 504 2170 si
542 2145 659 2182 quem
703 2132 805 2170 forte
843 2131 1052 2178 inveneris,
1092 2130 1159 2181 qui
1207 2130 1279 2168 hoc
1317 2130 1456 2170 navale
1475 2129 1526 2168 50

129 2201 277 2241 crimen
306 2207 470 2241 conetur
489 2202 714 2249 defendere,
737 2202 769 2241 is
789 2202 846 2240 ita
868 2201 1080 2240 defendat:
1124 2200 1191 2239 illa
1220 2201 1453 2250 communia,
1477 2220 1530 2249 131

129 2285 229 2324 quac
259 2271 309 2311 ad
341 2285 497 2311 causam
530 2272 627 2311 nihil
658 2273 872 2324 pertinent,
894 2271 1200 2324 praetermittat,
1227 2285 1288 2310 me
1319 2271 1455 2323 eulpae

129 2344 332 2383 fortunam
371 2344 591 2397 adsignare,
628 2344 893 2384 calamitatem
925 2344 1079 2382 crimini
1109 2343 1214 2391 (lare,
1251 2356 1313 2382 me
1343 2344 1456 2383 amis-

128 2415 278 2455 sionem
303 2415 435 2454 classis
467 2415 632 2462 obicere,
667 2429 755 2454 cum
783 2415 898 2454 multi
933 2415 1004 2453 viri
1037 2415 1159 2453 fortes
1187 2415 1226 2452 in
1256 2415 1452 2454 communi
