1674 2729
137 193 292 241 71.182]
328 196 394 231 IN
418 195 606 231 GAIUM
635 194 865 230 VERREM
887 194 1190 230 SECUNDAE
1216 197 1314 231 Lllss.
1343 197 1378 231 V.
1427 205 1468 241 75

140 299 299 340 hercule
331 298 413 339 ullo
446 313 575 351 neque
606 298 838 348 voluntate3
879 299 949 338 scd
984 312 1061 338 non
1096 298 1201 338 idem
1236 299 1327 338 licet
1361 300 1469 347 mihi,

139 369 248 422 quod
267 370 334 418 eis,
356 370 424 422 qui
454 369 576 409 nobili
604 383 749 423 genere
770 369 853 408 nati
883 376 987 417 sunt,
1010 369 1154 421 quibus
1175 370 1307 408 omnia
1336 369 1470 422 populi

140 441 310 482 Romani
329 441 516 495 beneficia
537 440 827 480 dormientibus
850 440 1108 480 deferuntur:
1143 440 1260 494 longe
1279 440 1356 480 alia
1376 441 1471 479 mihi

139 513 228 568 lege
260 514 302 553 in
335 513 407 553 hac
440 513 603 553 civitate
637 519 678 553 et
710 513 939 552 condicione
970 512 1187 552 vivendum
1221 518 1291 552 est.
1351 512 1475 552 Venit

141 584 239 624 mihi
281 585 323 624 in
364 590 540 625 mentem
582 584 637 624 M.
679 583 854 633 Catonis,
896 584 1067 624 hominis
1109 584 1391 636 sapientissimi
1433 589 1475 623 et

140 655 459 710 vigilantissimi:
507 657 576 708 qui
615 670 703 696 cum
741 669 782 696 se
816 656 978 704 virtute,
1014 669 1093 695 non
1131 669 1286 709 genere,
1327 655 1474 708 populo

142 728 324 768 Romano
343 727 610 768 commendari
639 734 811 780 putaret,
834 741 923 767 cum
942 728 1027 780 ipse
1047 728 1107 767 sui
1135 728 1291 781 generis
1315 728 1474 767 initium

142 813 187 839 ae
206 799 377 839 nominis
396 800 446 839 ab
466 813 507 839 se
530 799 641 853 gigni
662 805 702 839 et
722 799 931 852 propagari
951 799 1083 848 vellet,
1105 799 1312 838 hominum
1340 805 1476 852 poten-

143 871 388 911 tissimorum
425 872 600 923 suscepit
637 871 863 910 inimicitias
897 876 938 910 et
975 870 1158 910 maximis
1196 871 1237 909 in
1276 870 1476 910 laboribus

143 955 270 995 usque
299 942 351 982 ad
383 956 578 982 summam
612 948 858 982 senectutem
892 955 1046 982 summa
1079 955 1168 981 cum
1201 941 1327 996 gloria
1359 942 1473 981 vixit.

144 1014 289 1054 Postea
304 1014 348 1064 Q.
367 1014 591 1067 Pompeius,
609 1013 749 1053 humili
769 1020 890 1065 atque
910 1014 1075 1053 obscuro
1094 1013 1180 1053 loco
1200 1019 1328 1062 natus,
1346 1026 1477 1052 nonne

145 1085 326 1138 plurimis
354 1085 572 1124 inimicitiis
601 1085 864 1136 maximisque
892 1085 973 1124 suis
993 1084 1176 1137 periculis
1205 1098 1249 1124 ac
1277 1084 1478 1123 laboribus

144 1156 408 1209 amplissimos
437 1156 606 1196 honores
635 1161 696 1196 est
723 1155 922 1208 adeptus‘l
954 1155 1073 1195 modo
1102 1155 1144 1195 C.
1176 1155 1404 1203 Fimbriam,
1433 1153 1476 1194 C.

145 1226 332 1275 Marium,
354 1225 397 1266 C.
420 1225 601 1266 Caelium
621 1225 794 1265 vidimus
815 1239 894 1264 non
914 1224 1178 1265 mediocribus
1198 1224 1416 1264 inimicitiis
1435 1238 1480 1263 ac

146 1296 346 1337 laboribus
375 1296 626 1345 contendere,
657 1302 704 1335 ut
731 1296 783 1335 ad
811 1297 908 1336 istos
937 1296 1106 1336 honores
1135 1296 1401 1348 pervenirent,
1429 1293 1480 1334 ad

147 1381 246 1420 quos
261 1381 332 1408 vos
351 1381 422 1420 per
440 1367 580 1407 ludum
601 1374 642 1407 et
661 1381 731 1420 per
751 1367 1045 1421 neglegentiam
1064 1367 1312 1420 pervenistis.
1371 1366 1482 1406 Haec

148 1438 287 1478 eadem
329 1445 390 1478 est
432 1444 591 1478 nostrae
634 1439 799 1478 rationis
847 1439 956 1492 regio
1004 1444 1044 1478 et
1086 1439 1175 1487 via3
1221 1438 1364 1477 horum
1411 1451 1482 1476 nos

1497 945 1549 974 181

148 1510 355 1550 hominum
383 1516 531 1549 sectam
559 1515 680 1561 atque
711 1510 898 1549 instituta
930 1510 1215 1562 persequimur.
1274 1509 1479 1556 Videmus,
1500 1515 1551 1554 71

149 1586 300 1632 quanta
337 1581 390 1620 sit
421 1581 462 1619 in
500 1581 652 1620 invidia
685 1586 914 1632 quantoque
952 1580 993 1618 in
1026 1580 1117 1619 odio
1150 1579 1257 1632 apud
1290 1579 1483 1631 quosdam

150 1651 302 1692 nobiles
330 1652 510 1692 homines
539 1665 734 1692 novorum
762 1652 969 1691 hominum
989 1651 1117 1691 virtus
1137 1656 1178 1690 et
1196 1650 1416 1690 industria:
1450 1651 1483 1690 si

152 1721 353 1762 tantulum
382 1721 514 1762 oculos
561 1721 830 1771 deiecerimus,
875 1728 1034 1775 praesto
1081 1734 1164 1761 esse
1210 1721 1374 1761 insidias
1389 1737 1399 1770 3
1451 1721 1484 1760 si

150 1793 277 1834 ullum
305 1793 436 1834 locum
463 1794 735 1847 aperuerimus
764 1794 977 1846 suspicioni
1005 1799 1077 1833 aut
1104 1792 1270 1842 crimini,
1297 1793 1485 1845 accipien-

151 1864 249 1904 dum
268 1865 406 1905 statim
426 1865 568 1905 volnus
594 1879 703 1915 esse3
736 1878 891 1917 semper
919 1865 1031 1904 nobis
1051 1863 1310 1917 vigilandum,
1332 1876 1486 1916 semper

151 1935 414 1976 laborandum
433 1936 626 1976 videmus.
678 1936 915 1976 Inimicitiae
935 1941 1052 1975 sunt:
1082 1935 1300 1975 subeantur
1313 1950 1324 1984 3
1351 1934 1484 1974 labor:

152 2008 400 2061 suscipiatur.
459 2008 619 2048 Etenim
650 2008 793 2047 tacitae
823 2007 948 2060 magis
978 2012 1020 2046 ct
1048 2006 1223 2046 occultae
1257 2006 1487 2045 inimicitiae

154 2079 355 2119 timendae
393 2085 488 2119 sunt
524 2093 644 2131 quam
681 2079 855 2118 indictae
891 2084 1014 2130 atque
1050 2083 1233 2130 apertae:
1281 2077 1487 2116 hominurn

154 2150 347 2190 nobilium
363 2164 442 2190 non
462 2151 544 2190 fere
560 2151 770 2202 quisquam
790 2155 948 2189 nostrae
967 2149 1187 2189 industriae
1207 2149 1317 2188 favet
1330 2163 1340 2198 ς
1369 2147 1488 2187 nullis

155 2222 301 2261 nostris
334 2222 469 2261 officiis
507 2221 825 2262 benevolentiam
858 2221 1017 2260 illorum
1049 2220 1219 2259 adlicere
1256 2232 1464 2271 possumus
1480 2234 1489 2267 3

156 2293 269 2346 quasi
298 2298 441 2332 natura
470 2298 511 2333 et
538 2307 682 2347 genere
710 2293 879 2332 diiuncti
908 2293 999 2341 sint,
1021 2293 1078 2332 ita
1107 2291 1303 2331 dissident
1324 2305 1347 2330 a
1376 2291 1489 2330 nobis

155 2364 289 2404 animo
316 2378 361 2404 ac
380 2363 611 2404 voluntate:
646 2377 767 2415 quare
791 2363 888 2416 quid
918 2363 1067 2402 habent
1095 2376 1230 2402 corum
1260 2361 1490 2401 inimicitiae

157 2435 333 2488 periculi,
368 2448 537 2487 quorum
575 2435 726 2474 animos
765 2435 843 2474 iam
881 2440 974 2474 ante
1012 2433 1196 2473 habueris
1233 2433 1412 2472 inimicos
1451 2438 1492 2472 et

1508 2015 1562 2043 182
