1700 2729
210 217 248 241 12
505 207 559 241 M.
596 206 632 241 T.
664 207 955 242 CICERONIS
979 207 1244 242 ACTJONJS
1410 206 1483 253 [10.
1501 209 1544 242 27

151 328 188 355 27
206 311 417 365 longitudo
438 311 587 363 stupris
608 317 649 350 et
664 311 825 364 flagitiis
847 311 1136 351 continebatur.
1197 311 1300 351 Cum
1320 318 1456 352 autem
1475 325 1546 352 ver

139 734 187 772 11

138 1605 175 1633 28

207 396 291 423 esse
311 383 675 435 coeperat‚—cuius
695 383 856 421 initium
876 383 951 422 iste
972 396 1052 422 non
1081 397 1104 422 a
1131 383 1309 423 Favonio
1338 397 1467 435 neque
1495 384 1546 423 ab

206 454 340 506 aliquo
359 460 467 493 astro
488 454 664 502 notabat,
687 453 757 492 sed
786 467 875 492 cum
904 467 1035 492 rosam
1064 454 1231 502 viderat,
1255 460 1343 493 tum
1371 455 1546 506 incipere

206 538 277 564 ver
314 525 660 564 arbitrabatur—:
691 524 813 563 dabat
851 539 890 564 se
929 524 1054 563 labori
1091 531 1212 577 atque
1240 526 1475 575 itineribus,
1503 526 1545 564 in

207 597 351 648 quibus
372 610 417 636 eo
437 610 562 648 usque
582 610 622 635 sc
642 596 858 648 praebebat
872 596 1093 648 patientem
1113 603 1233 648 atque
1253 597 1480 650 impigrum,
1498 604 1546 637 ut

207 681 298 707 eum
319 681 434 707 nemo
454 681 631 719 unquam
651 667 693 705 in
713 680 814 718 equo
834 666 1040 706 sedentem
1059 667 1217 706 viderit.

262 738 378 788 Nam,
411 744 459 778 ut
488 752 573 778 mos
603 738 682 777 fuit
710 738 926 790 Bithyniae
956 739 1128 791 regibus,
1160 739 1299 778 lectica
1329 739 1545 792 octaphoro

207 811 421 858 ferebatur,
443 811 485 849 in
506 823 584 861 qua
612 809 800 862 pulvinus
830 814 916 848 erat
943 809 1170 862 perlucidus
1199 810 1434 860 Melitensis,
1457 825 1545 851 rosa

207 882 360 930 fartus,
406 881 490 933 ipse
537 886 673 920 autem
721 894 906 920 coronam
943 880 1116 920 habebat
1152 894 1274 920 unam
1319 881 1362 919 in
1403 882 1541 934 capite,

207 953 375 992 alteram
407 952 449 990 in
480 951 590 1000 collo,
626 951 918 1004 reticulumque
951 952 1002 991 ad
1040 965 1154 991 nares
1193 952 1267 992 sibi
1305 952 1545 993 admovebat

208 1023 441 1063 tenuissimo
488 1022 580 1071 lino,
629 1023 795 1062 minutis
842 1023 1016 1071 maculis,
1066 1023 1229 1075 plenum
1276 1037 1398 1063 rosae.
1479 1023 1544 1064 Sic

209 1094 388 1134 confecto
417 1094 570 1142 itinere,
595 1107 683 1132 cum
710 1093 761 1132 ad
787 1094 950 1145 aliquod
976 1094 1169 1146 oppidum
1197 1100 1373 1143 venerat,
1406 1093 1544 1134 eadem

208 1166 346 1205 lectica
384 1178 509 1216 usque
547 1165 589 1203 in
628 1165 854 1204 cubiculum
891 1165 1156 1205 deferebatur.
1233 1165 1292 1205 Eo
1329 1166 1573 1206 veniebant.

208 1237 432 1277 Siculorum
452 1237 721 1290 magistratus,
744 1237 959 1276 veniebant
980 1238 1133 1288 equites
1162 1237 1343 1286 Romani,
1365 1237 1407 1276 id
1436 1237 1544 1289 quod

209 1322 259 1349 ex
278 1308 416 1348 multis
436 1309 576 1347 iuratis
597 1308 764 1347 audistis
779 1324 790 1358 3
819 1309 1111 1348 controversiae
1135 1315 1286 1349 secreto
1315 1309 1544 1348 defereban-

209 1386 285 1429 tur,
307 1379 441 1432 paullo
470 1385 561 1431 post
588 1379 719 1431 palam
745 1379 904 1418 decreta
933 1380 1226 1419 auferebantur.
1285 1379 1453 1428 Deinde,
1474 1379 1544 1419 ubi

207 1451 423 1504 paullisper
438 1450 479 1488 in
495 1449 674 1489 cubiculo
689 1450 830 1502 pretio,
848 1463 927 1489 non
943 1451 1156 1502 aequitate,
1174 1450 1262 1489 iura
1277 1450 1541 1502 discripserat,

208 1522 356 1562 Veneri
375 1522 455 1560 iam
476 1527 516 1560 et
534 1521 679 1560 Libero
699 1521 897 1573 reliquum
918 1527 1076 1573 tempus
1096 1521 1232 1560 deberi
1259 1521 1540 1560 arbitrabatur.

209 1593 297 1643 Quo
326 1592 411 1632 loco
440 1606 521 1632 non
549 1592 648 1630 mihi
677 1592 1036 1644 praetermittenda
1065 1592 1227 1631 videtur
1254 1592 1446 1644 praeclari
1474 1592 1544 1631 im-

208 1664 402 1717 peratoris
441 1664 600 1717 egregia
633 1677 677 1702 ac
715 1663 927 1717 singularis
961 1663 1181 1717 diligentia.
1258 1662 1365 1702 Nam
1402 1663 1544 1703 scitote

209 1736 400 1788 oppidum
427 1749 510 1774 esse
540 1735 581 1773 in
611 1734 745 1774 Sicilia
774 1734 940 1783 nullum,
970 1748 1020 1774 ex
1049 1735 1104 1774 eis
1134 1734 1302 1787 oppidis,
1327 1734 1370 1773 in
1399 1735 1544 1786 quibus

208 1808 423 1848 consistere
460 1812 662 1859 praetores
697 1812 738 1846 et
771 1813 1014 1846 conventum
1047 1820 1164 1859 agere
1194 1806 1358 1854 soleant,
1394 1820 1473 1859 quo
1500 1807 1543 1846 in

208 1879 355 1932 oppido
389 1892 468 1917 non
496 1878 564 1917 isti
594 1891 644 1917 ex
671 1877 805 1929 aliqua
834 1877 985 1916 familia
1014 1891 1093 1916 non
1122 1876 1289 1930 ignobili
1317 1876 1464 1916 dilecta
1491 1877 1543 1917 ad

207 1951 414 1990 libidinem
434 1949 577 1989 mulier
598 1955 710 1988 esset.
770 1949 912 2000 Itaque
936 1948 1149 1988 nonnullae
1171 1962 1221 1988 ex
1241 1961 1286 1987 eo
1307 1961 1473 1988 numero
1500 1949 1543 1988 in

208 2022 435 2062 convivium
459 2020 754 2060 adhibebantur
773 2019 929 2072 palam,
959 2020 991 2059 si
1012 2033 1112 2071 qnae
1134 2019 1320 2059 castiores
1345 2025 1469 2068 erant,
1491 2020 1543 2059 ad

207 2098 365 2145 tempus
394 2091 619 2139 veniebant,
650 2090 779 2130 lucem
809 2096 1129 2142 conventumque
1163 2090 1357 2129 vitabant.
1416 2089 1543 2129 Erant

207 2171 342 2204 autem
368 2164 550 2204 convivia
569 2176 649 2202 non
678 2163 746 2202 illo
767 2162 926 2202 silentio
954 2162 1093 2215 populi
1112 2162 1283 2201 Romani
1312 2167 1542 2214 praetorum

207 2244 327 2289 atque
350 2238 638 2289 imperatorum
657 2249 785 2287 neque
816 2249 861 2275 eo
890 2235 1042 2287 pudore
1063 2235 1131 2286 qui
1160 2235 1202 2273 in
1230 2234 1542 2287 magistratuum

208 2309 399 2349 conviviis
432 2307 582 2348 versari
616 2307 726 2355 solet,
764 2306 833 2346 sed
872 2320 961 2345 cum
999 2306 1174 2345 maximo
1213 2305 1382 2345 clamore
1419 2311 1540 2358 atque

208 2381 384 2420 convicio
398 2395 409 2430 3
456 2392 742 2430 nonnunquam
777 2378 897 2417 etiam
930 2391 993 2417 res
1031 2378 1082 2416 ad
1120 2391 1296 2431 pugnam
1329 2382 1451 2428 atque
1488 2377 1540 2416 ad

207 2464 346 2490 manus
376 2450 601 2490 vocabatur.
662 2449 744 2488 Iste
774 2449 880 2488 enim
908 2453 1069 2500 praetor
1092 2460 1252 2488 severus
1281 2461 1326 2486 ac
1353 2446 1536 2500 diligens,
