1674 2729
108 190 217 238 9.22]
269 192 337 227 IN
360 191 548 227 GAIUM
579 192 806 226 VERREM
831 193 1135 229 SECUNDAJJ
1161 196 1258 230 Lm.
1287 197 1322 231 1'.
1418 208 1439 240 9

107 295 321 337 defendam
359 296 650 344 auctoritatem,
692 296 822 348 quoad
862 304 907 336 tu
946 297 1078 348 voles;
1116 299 1231 338 simul
1270 314 1314 338 ac
1353 308 1438 340 tute

107 368 283 421 coeperis
316 374 387 408 tua
419 367 566 407 iudicia
600 368 832 417 rescindere,
864 369 961 408 mihi
990 383 1215 410 suscensere
1244 371 1440 421 desinito;

107 452 196 479 meo
215 439 301 479 iure
321 439 427 479 enim
454 439 692 478 contendam
722 453 823 489 eum,
855 441 923 492 qui
953 454 1024 480 suo
1054 441 1199 480 iudicio
1228 441 1439 482 damnatus¹

106 511 170 561 sit,
191 511 413 551 iuratorum
442 511 618 550 iudicum
648 513 856 551 sententiis
885 512 1065 552 damnari
1095 520 1287 565 oportere.
1347 514 1437 554 Non

105 582 321 624 defendam
349 582 553 636 Apollonii
583 596 751 631 causam,
782 584 897 622 amici
923 590 1044 635 atque
1074 584 1241 636 hospitis
1270 586 1358 633 mci,
1391 600 1438 626 ne

106 659 223 694 tuum
241 653 433 694 iudicium
453 653 591 694 videar
611 654 835 694 rescindere
850 671 860 704 ;
890 655 987 694 nihil
1016 655 1066 694 de
1096 655 1266 695 hominis
1295 657 1438 710 frugal-

104 725 215 774 itate,
237 725 399 773 virtute,
422 725 632 778 diligentia
650 725 805 775 dicam;
833 726 1151 778 praetermittam
1175 726 1274 766 illud
1304 728 1435 776 ctiam,

104 796 155 837 de
174 810 254 849 quo
272 803 366 837 ante
385 796 481 845 dixi,
499 796 681 836 fortunas
701 797 784 836 eius
805 797 861 836 ita
881 797 1118 837 constitutas
1139 798 1260 837 fuisse
1276 798 1435 847 familia,

104 880 255 921 pecore,
278 867 394 915 villis,
416 867 594 920 pecuniis
623 866 794 915 creditis,
817 874 863 906 ut
892 868 1042 906 nemini
1072 868 1202 907 minus
1231 868 1438 921 expediret

103 938 231 979 ullum
264 939 305 978 in
343 938 477 978 Sicilia
510 938 730 978 tumultum
768 945 839 977 aut
871 938 1020 978 bellum
1059 939 1295 978 commoveri
1310 955 1320 988 3
1359 953 1436 978 non

103 1009 233 1050 dicam
252 1023 302 1050 ne
318 1009 418 1049 illud
434 1009 607 1061 quidem,
626 1009 658 1048 si
674 1009 846 1048 maxime
862 1009 903 1047 in
920 1009 1035 1062 culpa
1050 1009 1172 1049 fuerit
1187 1009 1434 1061 Apollonius,

103 1085 238 1120 tamen
272 1080 314 1119 in
343 1079 545 1119 hominem
574 1079 771 1119 maximae
801 1080 974 1119 civitatis
1004 1080 1326 1120 honestissimum
1355 1087 1436 1119 tam

101 1151 280 1206 graviter
298 1150 566 1190 animadverti
586 1164 702 1190 causa
722 1150 873 1190 indicta
893 1164 972 1190 non
993 1151 1224 1203 oportuisse.
1275 1151 1436 1190 Nullam

102 1223 144 1263 in
159 1229 200 1264 te
218 1222 413 1263 invidiam
433 1236 482 1262 ne
502 1236 552 1262 ex
571 1222 650 1262 illis
671 1222 832 1275 quidem
852 1223 970 1263 rebus
990 1223 1206 1272 concitabo,
1225 1236 1314 1262 eum
1335 1230 1438 1264 esset

102 1294 193 1335 talis
222 1295 285 1334 vir
314 1295 357 1333 in
388 1308 552 1343 carcerc,
588 1295 629 1333 in
661 1294 846 1342 tenebris,
875 1295 916 1333 in
947 1294 1139 1346 squalore,
1172 1294 1214 1333 in
1242 1294 1435 1343 sordibus,

102 1365 322 1419 tyrannicis
341 1365 566 1406 interdictis
587 1365 667 1404 tuis
687 1366 792 1418 patri
814 1370 953 1405 exacta
972 1371 1104 1405 aetate
1124 1371 1165 1405 et
1192 1365 1436 1406 adulescenti

101 1436 184 1477 filio
206 1436 381 1477 adeundi
409 1436 461 1476 ad
490 1436 603 1476 illum
632 1437 821 1476 miserum
850 1442 1091 1489 potestatem
1121 1450 1324 1488 nunquam
1353 1450 1436 1477 esse

101 1507 258 1547 factam.
299 1507 433 1547 Etiam
444 1507 545 1547 illud
560 1508 796 1560 praeteribo,
813 1508 1153 1560 quotienscunque
1166 1508 1434 1547 Panhormum

101 1579 257 1618 veneris
285 1578 354 1618 illo
380 1591 485 1618 anno
505 1584 546 1618 et
565 1591 636 1617 sex
656 1578 1007 1618 mensibus—nam
1027 1584 1109 1618 tam
1129 1578 1199 1617 diu
1219 1579 1298 1617 fuit
1316 1578 1435 1631 Apol-

101 1647 232 1688 lonius
268 1649 311 1688 in
349 1661 568 1697 carcere—,
601 1649 748 1688 totiens
782 1654 823 1688 te
861 1655 1044 1688 senatum
1077 1648 1434 1688 Panhormitanum

100 1717 230 1758 adisse
291 1718 510 1771 supplicem
573 1732 662 1758 cum
721 1719 1020 1772 magistratibus
1086 1719 1434 1771 sacerdotibusque

100 1789 268 1842 publicis
314 1795 497 1830 orantem
543 1795 664 1841 atque
709 1789 992 1837 obsecrantem,
1033 1795 1080 1828 ut
1116 1789 1330 1841 aliquando
1367 1790 1433 1829 ille

100 1861 220 1901 miser
237 1867 359 1914 atque
378 1862 567 1901 innocens
588 1861 813 1901 calamitate
833 1861 901 1900 illa
929 1861 1175 1901 liberaretur.
1234 1861 1432 1913 Relinque

100 1931 196 1972 haee
224 1932 380 1973 omnia:
419 1946 520 1984 quae
549 1932 581 1971 si
610 1931 730 1972 velim
759 1931 954 1984 persequi,
985 1931 1098 1971 facile
1127 1932 1335 1972 ostendam
1364 1938 1433 1971 tua

100 2003 337 2044 crudelitate
355 2004 398 2043 in
417 2003 514 2043 alios
535 2017 671 2044 omnes
692 2003 765 2042 tibi
785 2003 919 2042 aditus
938 2003 1229 2043 misericordiae
1257 2003 1431 2042 iudicum

99 2074 180 2114 iam
207 2074 363 2128 pridem
392 2088 477 2115 esse
505 2075 730 2127 praeclusos
744 2090 755 2124 3
784 2074 917 2113 omnia
945 2073 1018 2112 tibi
1047 2073 1125 2112 ista
1153 2073 1363 2113 concedam
1393 2081 1434 2114 et

99 2146 326 2187 remittam:
355 2146 548 2198 provideo
567 2146 684 2194 enim,
713 2145 811 2198 quid
839 2145 892 2184 sit
914 2144 1150 2184 defensurus
1180 2145 1429 2184 Hortensius.

99 2216 310 2256 Fatebitur
355 2217 462 2270 apud
509 2217 631 2257 istum
680 2230 807 2268 neque
853 2221 1098 2256 senectutem
1136 2216 1260 2268 patris
1304 2228 1431 2267 neque

99 2285 411 2327 adulescentiam
439 2287 511 2326 filii
540 2300 669 2339 neque
697 2286 878 2326 lacrimas
906 2286 1115 2337 utriusque
1143 2285 1232 2337 plus
1261 2285 1430 2325 valuisse

100 2370 220 2409 quam
239 2357 458 2398 utilitatem
478 2357 726 2409 salutemque
746 2357 970 2410 provinciae
984 2373 995 2406 3
1014 2356 1120 2396 dicet
1135 2369 1217 2395 rem
1232 2355 1430 2408 publicam

99 2428 368 2468 administrari
406 2429 490 2468 sine
518 2435 629 2468 metu
656 2442 700 2468 ae
730 2428 940 2467 severitate
980 2441 1056 2466 non
1091 2440 1228 2478 posse3
1266 2433 1430 2478 quaeret

1458 530 1496 550 20

1456 1169 1490 1189 21

1465 1944 1491 1983 9

1451 2027 1487 2046 22
