1700 2729
246 203 286 237 16
541 204 597 239 M.
631 204 668 239 T.
700 204 992 241 CICERONIS
1015 206 1282 241 ACTIONIS
1443 205 1515 253 [14.
1530 209 1575 244 37

241 307 366 346 habeo
401 309 595 347 rationem
625 308 721 360 quid
755 323 778 347 a
810 309 957 361 populo
986 310 1165 349 Romano
1194 311 1434 362 acceperim:
1477 311 1575 350 mihi

239 377 354 417 ludos
386 379 653 418 sanctissimos
673 379 847 418 maxima
879 393 967 418 cum
988 393 1081 418 cura
1101 386 1142 419 et
1162 381 1398 420 caerimonia
1427 380 1572 429 Cereri,

239 448 383 488 Libero
413 449 658 501 Liberaeque
688 450 904 497 faciundos,
928 450 1024 489 mihi
1052 450 1211 490 Floram
1239 457 1407 490 matrem
1427 451 1574 504 populo

238 520 423 572 plebique
461 522 663 560 Romanae
702 521 889 560 ludorum
927 521 1157 561 celebritate
1191 522 1435 574 placandam,
1476 523 1574 562 mihi

238 591 353 630 ludos
377 592 684 643 antiquissimos,
708 593 776 644 qui
807 593 925 644 primi
946 593 1114 632 Romani
1135 593 1325 645 appellati
1356 599 1460 642 sunt,
1483 607 1573 633 cum

237 661 435 714 dignitate
469 663 644 702 maxima
677 669 718 702 et
749 662 940 716 religione
975 663 1072 711 Iovi,
1110 664 1254 703 Iunoni
1286 664 1573 716 Minervaeque

237 747 320 772 esse
341 734 558 782 faciundos,
581 734 679 773 mihi
711 748 911 773 sacrarum
931 734 1091 774 aedium
1121 736 1452 787 procurationem,
1474 736 1572 775 mihi

237 810 364 844 totam
384 806 524 845 urbem
549 806 740 845 tuendam
761 819 845 845 esse
877 807 1125 846 commissam
1139 822 1150 856 3
1192 807 1243 846 ob
1273 820 1409 846 earum
1438 821 1572 847 rerum

235 875 411 915 laborem
432 882 473 916 et
492 876 801 916 sollicitudinem
831 877 985 916 fructus
1006 876 1094 916 illos
1123 876 1262 917 datos:
1305 878 1571 930 antiquiorem

234 947 276 985 in
310 953 451 987 senatu
482 948 704 987 sententiae
733 947 926 987 dicendae
959 947 1100 996 locum,
1132 954 1268 1002 togam
1307 955 1568 1001 praetextam,

234 1017 372 1057 sellam
401 1018 588 1067 curulem,
607 1019 668 1057 ius
688 1019 873 1072 imaginis
893 1019 944 1058 ad
964 1019 1195 1058 memoriam
1215 1020 1570 1072 posteritatemque

177 1102 216 1130 37
233 1090 471 1142 prodendae.
531 1091 593 1129 Ex
626 1091 687 1130 his
709 1104 782 1144 ego
814 1091 997 1130 omnibus
1028 1091 1156 1139 rebus,
1179 1091 1442 1131 iudices—ita
1471 1092 1570 1131 mihi

234 1175 370 1201 omnes
400 1162 495 1201 deos
515 1162 709 1214 propitios
740 1162 1039 1202 velim-etiam
1070 1163 1103 1201 si
1133 1162 1231 1201 mihi
1261 1163 1569 1202 iucundissimus

233 1239 294 1272 est
309 1233 434 1273 honos
450 1234 597 1286 populi,
616 1240 751 1273 tamen
767 1248 1019 1286 nequaquam
1035 1234 1145 1286 capio
1161 1239 1320 1273 tantum
1335 1234 1566 1286 voluptatis,

233 1311 429 1356 quantum
450 1311 490 1344 et
510 1305 787 1344 sollicitudinis
819 1311 860 1345 et
892 1305 1049 1353 laboris,
1071 1311 1119 1344 ut
1138 1305 1234 1345 haec
1253 1306 1339 1357 ipso
1371 1305 1566 1355 aedilitas,

232 1390 312 1416 non
332 1377 425 1428 quia
445 1391 602 1416 necesse
622 1378 755 1424 fuerit,
778 1377 895 1416 alicui
927 1377 1139 1416 candidato
1159 1377 1264 1425 data,
1287 1377 1367 1426 sed,
1390 1378 1483 1429 quia
1513 1378 1568 1417 sic

231 1449 465 1500 oportuerit,
501 1455 608 1488 recte
642 1449 832 1488 collocata
866 1454 906 1488 et
938 1449 1085 1488 iudicio
1119 1449 1256 1501 populi
1289 1449 1331 1488 in
1363 1449 1448 1489 loco
1482 1463 1566 1489 esse

229 1520 360 1571 posita
379 1520 574 1559 videatur.

162 1600 212 1639 15
284 1591 356 1640 Tu,
379 1605 469 1630 cum
489 1605 592 1631 esses
616 1597 776 1644 praetor
796 1592 1060 1639 renuntiatus,
1083 1604 1243 1643 quoquo
1272 1591 1565 1631 modo—mitto

174 1676 210 1713 38
231 1663 336 1701 enim
366 1668 407 1702 et
434 1668 650 1715 praetereo,
683 1662 781 1714 quid
814 1668 901 1702 tum
931 1663 985 1702 sit
1012 1668 1211 1711 actum—,
1235 1662 1304 1702 sed
1338 1676 1427 1701 cum
1461 1676 1565 1703 esses

229 1735 493 1782 renuntiatus,
516 1740 563 1773 ut
591 1734 687 1782 dixi,
710 1748 790 1773 non
819 1735 905 1786 ipsa
924 1734 1129 1786 praeconis
1159 1747 1254 1773 voce
1284 1734 1480 1774 excitatus
1510 1748 1561 1783 eS,

229 1806 297 1857 qui
326 1811 366 1845 te
396 1806 543 1845 totiens
564 1806 765 1845 seniorum
788 1806 1068 1857 iuniorumque
1098 1805 1288 1845 centuriis
1316 1805 1385 1845 illo
1413 1805 1563 1845 honore

228 1877 344 1916 adfici
377 1877 665 1929 pronuntiavit,
696 1883 744 1915 ut
773 1877 847 1915 hoc
879 1882 1053 1928 putares,
1084 1877 1259 1928 aliquam
1292 1877 1349 1916 rei
1381 1876 1562 1929 publicae

227 1953 383 2000 partem
402 1948 477 1987 tibi
497 1947 689 1987 creditam
706 1950 718 1987 2
747 1961 896 1986 annum
917 1948 991 1987 tibi
1011 1947 1125 1986 illum
1144 1961 1270 1986 unum
1289 1947 1408 1987 domo
1431 1961 1562 1987 caren-

227 2019 324 2058 dum
353 2033 436 2058 esse
469 2019 718 2058 meretricis?
765 2033 854 2058 cum
887 2019 962 2058 tibi
1000 2024 1106 2058 sorte
1145 2019 1364 2072 obtigisset,
1400 2019 1461 2057 uti
1498 2019 1560 2058 ius

226 2090 387 2139 diceres,
423 2096 619 2142 quantum
652 2090 813 2143 negotii,
850 2090 948 2141 quid
981 2090 1110 2129 oneris
1144 2089 1319 2139 habereS,
1355 2103 1559 2142 nunquam

226 2161 440 2214 cogitasti?
469 2174 597 2212 neque
617 2160 716 2199 illud
745 2160 910 2199 rationis
940 2160 1218 2208 habuisti,-—si
1241 2159 1345 2199 forte
1374 2172 1559 2213 experge-

225 2231 353 2270 facere
383 2236 423 2270 te
448 2244 647 2283 posses—‚
680 2244 766 2269 eam
794 2230 1050 2282 provinciam,
1082 2243 1202 2281 quam
1230 2230 1335 2268 tueri
1367 2229 1559 2283 singulari

226 2303 421 2355 sapientia
468 2307 588 2354 atque
635 2302 870 2355 integritate
908 2301 1066 2340 difficile
1105 2306 1218 2349 esset,
1264 2301 1314 2340 ad
1362 2314 1557 2340 summam

226 2374 440 2413 stultitiam
461 2373 760 2424 nequitiamque
780 2373 934 2412 venisse
951 2375 963 2412 ἰὶ
992 2373 1128 2423 itaque
1149 2386 1228 2411 non
1257 2371 1376 2411 modo
1395 2386 1418 2410 a
1437 2371 1556 2411 domo

225 2451 295 2483 tua
333 2444 594 2484 Chelidonem
631 2444 672 2482 in
710 2449 897 2495 praetura
935 2443 1145 2482 excludere
1184 2442 1357 2491 noluisti,
1397 2442 1468 2482 sed
1513 2443 1556 2481 in
